3000 4900
120 389 364 464 HELMOLDl
384 388 622 464 CHRONlCA
642 388 910 463 slavorum.
943 388 1029 463 [ΑΒ.
1047 390 1088 463 ll.
1142 393 1221 467 219

120 600 182 663 tus
201 588 427 686 agriculture
448 589 655 663 commodis
674 592 720 663 ad
736 590 892 663 navales
908 612 1088 664 excursus
1105 614 1202 689 expe

123 687 218 764 ditas
233 714 387 787 semper
400 688 626 763 intenderint
646 694 796 787 manus,
814 690 969 764 unicam·
982 714 1091 789 spem
1110 702 1147 763 et
1165 692 1221 763 di·

121 789 295 862 vitiorum
319 814 508 863 summam
536 789 574 862 in
596 791 754 864 navibus
773 793 957 864 habentes
977 791 1098 864 sitam.
1142 791 1217 865 Sed

120 914 192 964 nec
210 890 525 964 inconstruendis
542 890 694 965 edificiis
710 890 862 990 operosi
877 902 977 989 sunt,
989 892 1076 989 quin
1092 891 1220 990 potius

122 1014 231 1064 casas
252 994 296 1064 de
312 990 483 1087 virgultis
499 1001 715 1087 contexunt,
734 992 953 1066 necessitati
969 1004 1115 1065 tantum
1131 1014 1218 1065 con·

120 1091 289 1164 solentes
309 1094 493 1165 adversus
512 1101 761 1189 tempestates
781 1104 819 1165 et
837 1092 994 1191 pluvias.
1032 1092 1220 1179 Quotiens

120 1202 249 1265 autern
264 1191 418 1265 bellicus
433 1192 847 1289 tumultusinsonuerit7
858 1216 1011 1266 omnem
1027 1216 1219 1265 annonam

122 1292 241 1391 paleis
259 1316 474 1387 excussam,
491 1317 623 1365 aurum
643 1317 793 1392 quoque
812 1304 850 1366 et
868 1304 1068 1389 argentum
1084 1304 1122 1366 ot
1134 1316 1217 1391 pre·

121 1393 222 1466 ciosa
244 1416 392 1491 queque
412 1392 524 1466 fossis
545 1396 697 1489 abdunt,
725 1418 861 1467 uxores
882 1404 919 1465 et
937 1394 1115 1491 parvulos
1135 1417 1221 1465 mu·

119 1494 320 1567 nitionibus
349 1493 409 1566 vel
429 1504 530 1567 certe
550 1492 653 1567 silvis
673 1503 878 1566 contutant.
919 1493 997 1566 Nec
1017 1494 1220 1591 quicquam

121 1594 247 1668 hostili
267 1604 371 1692 patet
395 1593 591 1691 direptioni
610 1593 682 1666 nisi
701 1593 849 1691 tuguria
869 1603 1028 1690 tantum,
1057 1618 1218 1690 quorum
1315 1600 1318 1605 '

121 1693 367 1769 amissionem
386 1694 601 1767 facillimam
616 1694 791 1767 iudicant.
814 1696 1005 1767 Danorum
1019 1693 1218 1791 impugna·
1292 1700 1294 1704 ’

120 1796 243 1869 tiones
265 1818 331 1893 pro
353 1794 491 1867 nichilo
510 1798 663 1892 ducunq'
680 1793 795 1867 immo
810 1796 1076 1892 voluptuosum
1094 1794 1223 1867 existi·
1271 1870 1274 1877 .

122 1905 229 1968 mant
249 1918 402 1967 manum
424 1918 509 1967 cum
535 1894 589 1967 eis
610 1918 825 1968 conserere.
861 1895 972 1968 Solus
993 1894 1047 1968 cis
1068 1896 1140 1966 dux
1160 1903 1219 1967 est

123 1994 322 2089 formidini,
337 1995 398 2092 qui
413 1994 584 2092 protrivit
595 2000 710 2069 robur
719 1996 941 2069 Sclavorum
956 2018 1219 2092 superomnes

123 2100 238 2171 duces
266 2095 327 2193 qui
356 2096 505 2168 fuerunt
527 2106 614 2169 ante
640 2120 741 2191 eum,
767 2096 851 2194 plus
877 2094 993 2169 multo
1023 2119 1135 2192 quam
1155 2094 1217 2167 ille

123 2197 338 2275 nominatus
351 2197 438 2270 Otto
449 2196 476 2291 ¹,
495 2207 534 2268 et
554 2196 655 2269 misit
669 2197 816 2269 frenum
832 2196 869 2269 in
885 2195 1055 2268 maxillas
1072 2219 1223 2290 eorum‚

123 2310 161 2371 et
188 2322 262 2396 quo
296 2296 455 2369 voluerit
487 2296 648 2383 declinat
680 2321 759 2371 cos.
813 2296 992 2395 Loquitur
1018 2318 1152 2392 pacem
1181 2306 1218 2367 et

124 2404 404 2497 obtemperant3
424 2398 578 2471 mandat
596 2397 734 2471 bellum
757 2406 794 2470 et
813 2398 955 2470 dicunt:
989 2394 1177 2469 Asconius.

202 2503 258 2573 ld.
291 2498 557 2572 Reconciliacio
584 2500 681 2593 repis
696 2498 889 2571 Bonorum
914 2505 949 2570 ct
970 2495 1085 2568 ducis.
1136 2497 1216 2568 Rex

122 2600 237 2696 igitur
255 2600 445 2673 Danorum
461 2610 662 2696 perspecta
677 2599 892 2671 calamitate
906 2597 1030 2694 gentis
1046 2621 1114 2670 sue
1129 2597 1219 2668 vidit

121 2702 288 2794 tandem,
312 2698 399 2796 quia
416 2704 512 2774 bona
532 2709 591 2772 est
609 2723 695 2796 pax,
723 2709 761 2771 et
789 2698 889 2772 misit
914 2698 1061 2796 legatos
1081 2700 1127 2769 ad
1148 2697 1220 2769 for-

120 2801 309 2874 tissimum
329 2802 477 2892 ducem,
495 2823 636 2896 rogans
654 2799 804 2897 preberi
824 2799 893 2872 sibi
919 2797 1042 2870 locum
1063 2797 1220 2870 familia-

123 2903 174 2974 ris
198 2900 370 2998 colloquii
396 2903 441 2972 ad
460 2901 683 2996 Egedoram.
718 2901 765 2973 Et
790 2899 892 2972 venit
917 2901 989 2972 dux
1014 2900 1060 2971 ad
1080 2897 1221 2997 expeti-

123 3014 203 3075 tum
228 3000 353 3100 placiti
381 3000 504 3073 locum
523 3000 560 3071 in
580 2999 776 3074 nativitate
795 2999 915 3072 sancti
933 2999 1082 3072 loannis
1103 2997 1316 3096 bapti-1171.

123 3113 192 3176 stc.
240 3103 284 3175 Et
302 3100 464 3173 occurrit
482 3100 515 3172 ei
541 3125 608 3174 rex
622 3102 815 3173 Danorum
835 3110 872 3172 et
890 3099 1056 3172 exhibuit
1074 3122 1117 3194 se
1136 3090 1291 3217 pro-¹3¹4¹

124 3226 214 3274 num
233 3205 278 3274 ad
298 3224 451 3274 omnem
469 3201 701 3273 voluntatem
728 3201 843 3274 ducis,
887 3200 930 3274 Et
947 3199 1168 3296 recognovit
1187 3197 1221 3271 ei
1279 3203 1287 3218 ⁶

124 3301 365 3375 medietatem
381 3301 601 3374 tributorum
619 3311 656 3373 et
667 3301 839 3374 obsidum
851 3324 923 3396 que
934 3303 1116 3374 dederant
1126 3297 1221 3373 Rani

126 3404 233 3476 etde
261 3401 381 3475 erario
406 3401 480 3472 fani
508 3425 646 3497 equam
670 3401 903 3498 portionem,
937 3409 975 3472 et
1002 3403 1048 3473 ad
1074 3399 1222 3497 singula

127 3528 199 3602 que
234 3505 307 3576 dux
335 3500 509 3575 iudicavit
534 3501 717 3598 exigenda
744 3502 880 3574 devote
908 3501 1031 3596 paruit
1057 3523 1133 3572 rex.
1179 3500 1223 3571 Et

124 3597 1224 3702 renovatesuntintereosamicitie,etinhibitisuntSolavi,

125 3731 174 3780 ne
193 3708 238 3779 de
258 3712 383 3776 cetero
403 3701 670 3800 impugnarent
682 3701 852 3776 Daniam.
879 3701 925 3772 Et
940 3701 1026 3774 facti
1042 3709 1130 3778 sunt
1143 3699 1223 3772 vul·

122 3823 184 3884 tus
208 3807 428 3882 Sclavorum
461 3803 660 3877 subtristes
695 3813 849 3901 propter
874 3799 1219 3876 confederationem

120 3907 342 4012 principum.
385 3904 431 3976 Et
453 3903 556 3976 misit
580 3905 652 3975 dux
678 3902 836 3976 nuncios
856 3926 946 3976 suos
966 3925 1050 3974 cum
1070 3899 1218 3973 nunciis

122 4009 225 4109 regis
240 4007 276 4079 in
291 4017 430 4078 terram
446 4004 649 4100 llanorum,
669 4013 707 4078 ct
721 4003 934 4077 servierunt
948 4003 981 4076 ei
996 4005 1065 4076 sub
1080 4000 1216 4075 tributo

125 4110 230 4187 Rani.
256 4109 301 4180 Et
312 4105 459 4203 rogavit
476 4129 542 4178 rex
552 4105 743 4178 Danorum
758 4108 905 4202 ducem,
920 4114 959 4177 ut
975 4102 1090 4176 liliam
1101 4126 1227 4198 suam,

128 4231 153 4303 l)
172 4231 205 4286 V.
225 4248 305 4302 supra
324 4229 343 4284 1.
363 4228 385 4284 l.
404 4248 427 4284 c.
448 4229 475 4282 9.
