3000 4900
265 445 334 516 rot
387 436 883 552 Hutnouolaunomca
902 439 1170 517 SLAVORUM.
1209 441 1339 516 [ΔΒΑ.

262 645 354 714 dana
369 638 596 735 suppleatur.
616 638 808 713 Monernns
821 642 931 735 ipdnr
945 648 980 715 et
991 642 1227 715 obsecramus
1241 658 1379 716 omnes·

261 766 327 815 vos
352 744 391 813 in
414 740 595 837 Domino,
611 761 613 764 ·
630 747 674 813 at
698 740 803 836 milri,
839 744 899 815 cai
928 749 1088 835 paterna
1122 746 1161 815 in
1182 766 1248 815 oos
1272 766 1365 815 arra

264 844 461 924 commissa
472 849 550 938 est,
578 844 703 913 animo
721 841 856 915 notarii
872 845 981 939 quasi
997 841 1064 933 lilii
1082 842 1280 917 obedientie
1304 866 1365 915 ac·

263 946 470 1041 praesectis,
498 950 533 1015 et
548 942 722 1037 decimas,
746 950 865 1036 prout
879 942 977 1015 Dens
995 946 1153 1017 instituit
1168 950 1203 1017 et
1218 950 1366 1037 aposto·

263 1043 339 1117 lica
366 1042 488 1118 banno
515 1045 676 1132 firmavit
700 1046 918 1139 auctoritas,
943 1042 995 1117 ad
1020 1042 1274 1137 ampliandam
1299 1044 1367 1119 oei

265 1144 404 1217 cattam
437 1150 474 1215 et
503 1142 556 1215 ad
589 1140 787 1238 gerendam
814 1166 1022 1238 pauperum
1056 1168 1185 1217 caram
1219 1142 1368 1219 ecclesie
1495 1146 1496 1149 ’

267 1244 373 1339 dens,
392 1266 436 1316 nc
453 1246 487 1316 si
498 1242 576 1317 Deo
595 1266 663 1339 qne
680 1246 750 1337 ipsi
767 1242 942 1318 debentur
956 1244 1222 1341 subtraceritis,
1237 1251 1273 1317 et
1284 1244 1369 1317 sab·
1497 1282 1498 1287 ,

266 1347 444 1419 stantiam
469 1342 579 1416 simul
605 1352 641 1417 et
666 1346 832 1417 animam
855 1346 893 1418 in
909 1348 1093 1419 interitum
1110 1348 1264 1419 mittatis
1281 1352 1370 1419 eter-

139 1530 166 1538 ,7
266 1469 364 1521 nam.
403 1443 530 1518 Valete.
1497 1536 1498 1545 ἵ

341 1544 421 1619 Hiis
440 1545 575 1618 auditis
592 1545 825 1620 tumultuosa
840 1570 938 1644 gens
955 1544 1166 1643 infremuit,
1180 1548 1369 1619 dixerunt·
1497 1548 1498 1601 t

267 1670 353 1745 que,
369 1670 414 1719 se
426 1642 514 1718 huic
529 1645 731 1722 conditioni
745 1647 877 1730 servili,
888 1670 1082 1745 nunquam
1097 1648 1193 1721 colla
1208 1646 1370 1721 subruis·
1497 1656 1498 1739 t

216 1831 218 1834 ,
266 1771 390 1841 suros,
417 1768 486 1844 per
513 1770 627 1844 quam
655 1770 770 1820 omne
795 1770 895 1845 pen-e
923 1748 1223 1836 christicolarum
1242 1770 1367 1845 genus
1497 1746 1498 1767 ³

265 1846 485 1947 pontificum
499 1870 680 1945 pressure
700 1846 904 1921 subiaceat.
936 1850 1113 1923 Preterea
1132 1849 1209 1923 hoa
1223 1848 1370 1923 adiece-

265 1958 367 2045 runt⁷
381 1943 455 2020 non
473 1948 634 2021 multum
650 1952 871 2023 aberrantes
890 1974 911 2022 a
932 1948 1103 2047 veritate,
1119 1952 1218 2047 quod
1231 1972 1370 2022 omnes

265 2072 366 2147 pene
384 2047 532 2127 decime
558 2048 598 2121 in
615 2048 726 2121 luxus
748 2049 976 2124 secularium
996 2050 1191 2125 cesserint
1228 2049 1370 2138 Quam·

267 2154 399 2224 obrem
418 2149 624 2248 episcopus
647 2153 804 2227 verbum
830 2151 903 2223 hoc
925 2150 1052 2223 retulit
1070 2154 1116 2223 ad
1140 2153 1285 2224 ducem.
1321 2151 1370 2223 Aa
1497 2190 1498 2201 2

267 2250 329 2323 ille
348 2251 519 2349 precepit
546 2253 616 2323 sub
634 2254 790 2324 obtentu
808 2250 1019 2348 gratie'sue
1038 2251 1213 2325 omnibus
1232 2251 1370 2325 Holza·
1497 2282 1498 2313 r

266 2350 439 2425 tensibus
465 2354 513 2423 de
532 2361 631 2423 terra
656 2351 884 2449 Wagirensi‚
912 2362 952 2425 ut
970 2352 1164 2447 solverent
1189 2351 1370 2452 episcopo

267 2451 437 2530 decimas
456 2477 543 2525 cum
563 2452 667 2525 omni
684 2453 915 2551 integritate,
936 2454 1035 2528 sicut
1053 2453 1194 2529 iaciunt
1206 2454 1248 2526 in
1268 2463 1370 2526 terra

268 2553 1371 2652 PolaborumetObotritorum,querecentiusinoultesunt,

270 2663 308 2727 et
325 2653 497 2753 ampliori
516 2655 715 2752 pulsantur
731 2655 930 2728 tormidine
950 2655 1036 2729 belli
1046 2655 1070 2728 ¹.
1179 2697 1183 2702 ·
1248 2699 1250 2703 v

343 2755 399 2826 Aa
413 2755 488 2829 hoc
503 2766 727 2854 preceptum
741 2755 887 2830 Holnati
903 2755 1098 2830 obstinatis
1114 2755 1255 2829 ¹animis
1269 2755 1371 2828 dixe-

270 2864 369 2951 runt,
397 2879 590 2953 nunquam
609 2879 652 2929 se
671 2859 824 2930 daturos
844 2857 1026 2954 decimas,
1050 2881 1145 2954 quas
1165 2867 1292 2954 patres
1312 2855 1371 2930 sui

272 2979 348 3028 non
370 2955 577 3053 dedissent,
596 2957 710 3030 malle
732 2981 775 3032 se
789 2957 913 3056 potius
929 2958 1124 3032 succensis
1141 2957 1374 3053 edibuspro·

170 3061 174 3067 '
272 3056 362 3154 priis
377 3056 507 3152 egredi
521 3067 916 3156 te1·ram‚quamtante
931 3057 1124 3132 seruitutis
1138 3058 1268 3156 iugum
1285 3059 1375 3132 sub-

270 3157 338 3230 ire.
370 3158 546 3231 Preterea
573 3157 792 3255 pontificem
815 3181 901 3232 oum
920 3159 1058 3234 comite
1079 3170 1116 3232 et
1134 3157 1238 3232 omni
1261 3159 1373 3230 adve-

272 3281 406 3331 narum
422 3280 579 3354 genere,
590 3262 688 3355 quod
702 3260 935 3332 decimarum
946 3259 1248 3358 solvitlegitima,
1261 3259 1375 3332 inter-

271 3356 388 3431 licere
404 3358 633 3456 cogitabant,
650 3369 689 3432 et
706 3369 808 3434 terra
821 3357 1057 3436 inflammata
1075 3361 1316 3456 transfugere
1334 3358 1373 3432 in
1429 3401 1435 3408 -

274 3469 415 3532 terram
441 3459 645 3534 Danormn.
688 3461 764 3535 Sed
787 3486 990 3560 pravarum
1010 3462 1203 3536 molimina
1223 3457 1396 3533 rerum².

275 3558 381 3638 ducis
408 3560 528 3634 nostri
551 3561 732 3659 regisque
757 3555 949 3636 Danorum
974 3562 1243 3662 prepedieront
1269 3561 1390 3634 inno⁸¹

274 3669 363 3734 vata
388 3660 530 3734 federa.
568 3662 778 3735 Laudatum
806 3673 935 3736 autem
961 3663 1043 3760 fuit,
1070 3687 1118 3736 ne
1144 3662 1226 3761 quis
1252 3672 1375 3737 trans·

273 3759 405 3857 fugam
433 3761 587 3837 alterius
614 3761 813 3861 reciperet.
857 3763 1097 3863 Quapropter
1122 3763 1379 3837 llolaatenees

274 3861 505 3939 necessitate
533 3863 724 3938 constricti
755 3875 934 3962 presente
960 3869 1056 3938 'duee
1084 3889 1170 3938 eum
1197 3862 1377 3962 pontifice

273 3961 353 4037 tale
377 3971 529 4060 pactum
557 3963 742 4061 inierunt,
768 3975 808 4037 ut
830 3965 999 4040 lacerent
1025 3964 1375 4062 augmentationem

277 4113 305 4211 l)
319 4100 429 4209 patrare
449 4142 593 4210 formidine
619 4141 678 4198 Vel.
703 4141 793 4200 Flacc.
819 4101 1046 4207 l.111.'v.3so;
1075 4147 1208 4214 trepidant
1232 4144 1378 4212 [omilim

274 4211 543 4356 inidipssudxrffi
552 4214 639 4342 157131,
662 4215 705 4273 1o.
723 4234 749 4271 r.
768 4217 812 4272 67.
877 4219 905 4288 21
924 4220 1167 4340 moliminormrn
1183 4215 1380 4346 Qum-
