3000 4900
161 445 406 522 HELMOLDI
425 449 666 529 CHRONICA
684 451 953 528 SLAVORUM.
986 452 1073 527 LIB.
1093 453 1119 527 1.
1170 455 1220 529 67

119 672 185 722 vos
203 649 405 748 coherceat,
431 674 523 748 quos
542 655 665 746 pietus
689 677 763 727 non
781 659 941 727 revocat.
980 650 1088 743 Quod
1104 655 1138 727 si
1154 671 1310 730 neciios.

119 748 237 823 Deum
261 776 326 824 nec
350 751 577 827 honestatem
602 761 763 828 vestrum
793 755 1015 850 reveremini,
1041 777 1122 828 ecce
1134 778 1220 848 pre·

119 858 237 924 sentes
256 875 395 950 sumus,
409 852 619 928 violentiam
637 854 830 950 eaplodere
847 879 921 929 non
933 876 1147 951 possumus,
1158 879 1220 928 ne·

121 956 321 1026 cessarium
336 957 470 1028 estvim
479 958 669 1053 sustinere,
687 959 747 1030 cui
755 956 1056 1052 refreparilocus
1064 979 1138 1030 non
1153 963 1218 1029 est.

195 1055 387 1153 Ceperunt
404 1054 517 1154 igitur
528 1055 726 1156 pontifices
741 1057 922 1154 hesitare,
938 1055 1024 1154 quid
1040 1066 1218 1154 agerent:

119 1177 344 1252 magnarum
367 1156 466 1230 enim
488 1180 614 1231 rerum
636 1157 835 1256 ingressus
852 1181 1007 1257 semper
1024 1166 1113 1232 sunt
1127 1157 1220 1230 diffi-

120 1254 247 1329 ciles¹.
283 1257 451 1330 Tandem
470 1258 710 1356 Magontinus
735 1259 920 1333 allocutus
943 1268 1002 1332 est
1023 1257 1147 1332 socios
1169 1258 1221 1330 di·

121 1380 231 1431 cens:
270 1357 462 1456 Quousque
486 1357 730 1455 trepidamus,
753 1384 775 1433 o
798 1359 914 1432 socii?
954 1356 1082 1431 Nonne
1105 1360 1221 1448 officii

118 1459 238 1530 nostri
269 1466 324 1532 est
340 1482 460 1554 regem
482 1483 716 1555 consecrare,
753 1466 1007 1534 consecratum
1030 1459 1221 1531 investiret

121 1557 229 1648 Quod
242 1561 354 1654 igitur
367 1561 577 1654 principum
595 1559 743 1635 decreto
757 1559 962 1656 impendere
979 1558 1072 1655 licet,
1090 1581 1220 1632 eorun-

121 1658 203 1732 dem
227 1663 445 1733 auctoritute
463 1659 588 1734 tollere
604 1684 678 1735 non
700 1661 805 1735 livet?
848 1662 961 1751 (luem
978 1663 1146 1733 meritum
1167 1663 1220 1733 iu-

118 1763 337 1858 vestivimus,
354 1763 558 1834 inmeritum
574 1786 688 1861 quare
702 1786 777 1836 non
787 1761 1044 1836 divestiomusl
1068 1761 1220 1836 Statim·

119 1871 375 1959 que'aeeepto
401 1862 612 1960 conamine,
637 1888 769 1962 regem
796 1863 970 1961 aggressi
998 1872 1086 1936 sunt
1109 1861 1219 1960 eique

121 1986 299 2036 coronam
321 1965 366 2035 de
389 1962 511 2061 eapite
535 1967 776 2063 abruperunt.
811 1964 953 2038 Deinde
968 1962 1157 2037 sublatum
1172 1966 1219 2037 de

119 2065 211 2136 sede
226 2088 390 2162 purpura
411 2063 623 2164 ceterisque
643 2090 715 2164 que
731 2068 778 2139 ad
793 2088 943 2138 sacram
956 2062 1219 2137 investituram

120 2163 310 2262 pertinent
337 2164 502 2238 funditus
531 2177 725 2239 exuerunt.
770 2167 876 2239 Tunc
902 2189 968 2239 rex
997 2164 1219 2238 confusione

119 2265 370 2338 circumdatus
390 2265 440 2338 ait
460 2268 505 2339 ad
526 2289 611 2340 eos:
652 2262 781 2340 Videat
793 2267 892 2342 Deus
910 2275 946 2339 et
960 2264 1105 2361 iudicet,
1132 2268 1220 2362 quia

119 2367 239 2462 inique
257 2368 365 2461 agitis
383 2372 513 2439 contra
531 2391 597 2440 me.
624 2367 704 2465 Epo
723 2367 945 2467 quidem'luo
958 2372 1114 2462 peccata
1128 2365 1221 2439 ado·
1324 2381 1327 2388 '

119 2466 283 2540 lescentie
305 2491 391 2563 mee,
418 2470 593 2562 recipiens
614 2493 638 2541 a
655 2468 814 2542 Domino
838 2474 1015 2541 stateram
1032 2470 1114 2563 equi
1126 2492 1220 2561 pon·

119 2566 236 2662 deris,
261 2569 500 2663 ipnominivm
535 2576 568 2642 et
602 2572 875 2665 confusionem,
900 2573 1078 2665 quantam
1112 2592 1217 2642 nemo

118 2692 261 2767 nepum,
287 2672 349 2767 qui
380 2676 463 2743 unte
489 2694 544 2743 me
566 2674 731 2767 suerunt,
764 2672 978 2743 sustinuisse
1004 2667 1217 2743 dinoscitur.

117 2768 201 2843 Non
228 2792 293 2843 vos
310 2776 431 2843 tamen
457 2769 539 2845 ideo
563 2774 740 2845 immunes
760 2776 965 2866 opsnatu,
991 2771 1055 2868 qui
1072 2768 1219 2843 levastis

118 2894 251 2944 manus
268 2869 446 2944 adversus
464 2870 653 2945 dominum
670 2878 828 2946 vestrum
845 2878 881 2944 et
890 2872 1117 2966 prevaricati
1134 2873 1219 2943 estis

119 2970 376 3045 iusiurandum
396 2971 497 3069 quod
513 2975 686 3046 iurastis:
712 2971 837 3045 videat
850 2971 950 3045 Deus
967 2977 1000 3043 et
1016 2970 1219 3043 ulciscatur

117 3076 154 3145 in
172 3096 250 3169 vos,
273 3070 383 3168 Deus,
406 3075 567 3169 inquam,
595 3073 775 3147 ultionum
800 3071 981 3146 dominus.
1025 3069 1108 3144 Non
1132 3095 1217 3144 con·

117 3174 279 3269 surgatis
288 3196 401 3271 neque
410 3177 583 3247 crescatis
591 3197 704 3270 neque
712 3179 952 3269 prosperetur
963 3171 1082 3245 honor
1092 3179 1217 3269 vester,

116 3277 232 3371 sitque
245 3277 370 3368 portio
388 3280 510 3347 vestra
527 3298 609 3347 vum
628 3299 682 3371 eo‚
711 3278 774 3373 qui
797 3271 955 3347 tradidit
970 3272 1127 3345 Cristum
1142 3272 1219 3345 Do·

116 3378 265 3447 minum.
292 3376 339 3446 At
357 3374 408 3448 illi
426 3379 644 3450 obturantes
660 3400 773 3449 aures
789 3399 894 3470 sum,
907 3384 1157 3472 perrexerunt
1171 3375 1218 3447 ad

115 3473 248 3573 titium,
267 3476 482 3550 deferentes
502 3476 535 3550 ei
556 3475 766 3574 imperialia
780 3474 1052 3573 firmantesque
1074 3498 1161 3547 eum
1180 3473 1217 3546 in

114 3574 311 3673 regnuin2.

192 3678 251 3750 33.
279 3676 449 3752 Surrexit
470 3676 585 3775 igitur
607 3674 706 3750 lilius
728 3680 913 3751 adversus
932 3684 1079 3774 patrem
1099 3685 1137 3747 et
1156 3698 1219 3749 ex-

116 3777 210 3876 pulit
229 3801 314 3851 eum
334 3802 355 3850 a
374 3801 493 3876 regno
505 3776 530 3852 ³.
565 3778 630 3851 llle
651 3778 801 3876 fugiens
822 3802 843 3851 a
862 3776 957 3850 faeie
973 3774 1036 3848 lilii
1056 3775 1114 3848 sui
1133 3798 1218 3874 per-

116 3948 143 4023 l]
162 3946 294 4005 Similiter
317 3967 397 4021 supra
420 3968 480 4021 esp.
502 3948 536 4003 13
561 3950 644 4006 dixit:
687 3949 814 4006 &avim
839 3963 982 4005 autumus
1005 3950 1129 4004 muudus
1155 3952 1218 4002 suut

114 4036 219 4094 semper
238 4021 371 4092 difficiles
443 4023 471 4089 2)
490 4021 609 4095 Insignis
628 4023 780 4096 imperialia
798 4022 827 4075 in
845 4031 936 4079 castro
949 4018 1153 4076 Hammerstein
1168 4036 1220 4075 ss-

114 4104 219 4151 seriatii
240 4103 346 4151 coortu
364 4097 480 4151 caesaris
499 4096 614 4151 senioris
633 4097 707 4153 iuisii
727 4094 778 4149 filii
796 4095 903 4151 nunciis
922 4111 982 4150 esse
995 4092 1127 4150 extrudite
1146 4089 1220 4145 tivo

113 4169 170 4225 ltin.
192 4168 224 4232 5;
243 4187 269 4223 r.
285 4166 357 4223 dnn.
377 4168 547 4225 Hildesliem.
566 4169 594 4227 li.
610 4187 633 4227 ι.
671 4166 716 4225 Aa
736 4170 789 4255 hoo
808 4177 889 4255 criput
907 4168 980 4224 conl.
1000 4166 1109 4222 omniuo
1130 4162 1220 4220 Sten-

113 4243 154 4297 zel
174 4242 195 4296 l.
214 4243 233 4298 1.
258 4240 337 4299 Toni.
357 4240 392 4300 ll.
418 4260 479 4315 pag.
501 4241 551 4296 171
573 4261 613 4316 iq.
705 4240 732 4316 3)
760 4239 892 4297 Similiter
915 4240 987 4297 dnn.
1006 4238 1170 4295 Rorenield.
1190 4256 1219 4295 ι.

112 4314 200 4370 1106:
230 4315 499 4410 chrtcrspeeputso
515 4322 601 4390 petre,
623 4318 690 4373 alter
714 4316 906 4389 mormandi
924 4314 1048 4464 Agsplon.
