3000 4900
165 446 409 522 HELMOLDl
429 442 668 522 CHRO'NlCA
687 445 956 521 SLAVORUM.
984 445 1070 520 LlB.
1090 445 1114 519 l.
1167 449 1213 521 61

118 647 291 721 affectus.
341 648 406 723 Cui
426 650 586 722 domnus
607 649 727 747 papa¹
753 673 910 722 auream
929 647 1138 723 transmisit
1157 670 1217 719 co-

119 772 250 821 ronam
269 750 342 821 hoc
360 773 476 822 versu
494 749 737 822 intitulatam:

191 849 300 922 Petro
321 849 417 923 dedit
433 850 584 922 Ronrum
602 850 721 944 Petro,
748 851 812 923 not
826 873 926 944 papo
944 872 1129 922 coronant.

118 950 365 1048 Precepitque
379 950 599 1048 Mogontino
619 960 658 1023 et
672 949 889 1026 Coloniensi
908 950 1120 1047 ceterisque
1140 949 1217 1046 epi·

12 1063 14 1072 ’
120 1050 245 1149 scopis
271 1062 315 1138 et¹
330 1050 577 1150 principibus,·
600 1061 641 1124 ut
665 1050 888 1124 adiuvarent
909 1061 1037 1149 partes
1056 1047 1216 1144 Rodum,

118 1161 157 1223 et
182 1160 395 1225 statuerent
421 1174 509 1225 eum
527 1151 565 1223 in
583 1175 728 1250 regem.
773 1152 966 1252 Quotquot
982 1151 1096 1250 igitur
1113 1174 1218 1222 rece·

116 1261 256 1350 perunt
273 1255 431 1326 verbum
450 1252 577 1326 domni
594 1277 707 1351 pape,
735 1253 933 1350 elegerunt
951 1253 1151 1327 Rodulfum
1179 1250 1217 1322 in

116 1353 480 1451 regem2'additique
508 1364 596 1426 sunt
623 1353 717 1452 parti
746 1354 828 1427 eius
843 1354 1014 1428 Saxones
1036 1364 1074 1426 et
1091 1351 1217 1427 Suevi.
1314 1426 1324 1448 ρ

116 1452 243 1528 Ceteri
262 1452 471 1552 principum
488 1455 735 1554 civitatesque
753 1479 825 1553 que
845 1464 934 1528 sunt
952 1454 1050 1528 circa
1069 1455 1218 1528 Renum

102 1577 195 1629 „non
220 1565 446 1652 receperunt
472 1579 573 1652 eum,
596 1579 807 1654 omnesque
830 1556 1058 1629 Francorum
1078 1554 1217 1654 populi,

116 1677 165 1726 eo
194 1657 292 1751 quod
318 1655 510 1729 iurassent
527 1656 716 1754 Heinrico‚
743 1667 781 1730 et
799 1657 1009 1731 iuramenta
1027 1667 1218 1730 temerare

116 1755 339 1829 noluissent.
394 1758 507 1830 Porro
533 1756 731 1830 Heinricus
760 1757 993 1832 consistebat
1019 1762 1117 1857 apud
1145 1758 1218 1829 Ro·

116 1879 221 1928 mam
246 1857 432 1931 mandatis
461 1860 739 1953 obsecundans,
766 1859 998 1957 ignarusque
1019 1859 1217 1954 malorum,

116 1981 192 2054 que
212 1959 395 2032 adversus
414 1958 539 2056 ipsum
560 1963 777 2056 agebantur.

193 2058 254 2131 29.
288 2057 457 2132 Surrexit
483 2060 597 2158 igitur
615 2060 766 2157 quidam
786 2060 1120 2158 Straceburgensis
1140 2058 1309 2158 epi-tort.

117 2157 293 2256 scopus²⁷
313 2159 566 2234 amicissimus
584 2162 686 2257 regis
702 2162 880 2258 Heinrici‚
899 2172 937 2234 et
955 2163 1136 2234 velociter
1153 2185 1218 2232 va-

116 2260 213 2332 dens
233 2259 406 2355 nomam,
425 2261 484 2334 diu
506 2263 693 2360 quesitum
713 2286 846 2360 regem
864 2263 1008 2336 invenit
1025 2263 1123 2335 inter
1141 2286 1219 2334 me-

117 2359 261 2433 morias
289 2362 483 2434 martirum
510 2366 788 2437 deversantem.
841 2364 896 2436 De
924 2365 1030 2438 cuius
1054 2366 1217 2435 adventu

117 2484 187 2532 rex
204 2461 315 2534 letior
333 2464 506 2560 effectus,
534 2466 632 2563 cepit
657 2465 894 2561 percunctari
913 2468 959 2537 de
979 2476 1077 2538 statu
1097 2465 1218 2561 regnia

119 2572 183 2633 aut
202 2561 234 2635 si
253 2562 378 2635 omnia
400 2564 436 2635 in
456 2590 550 2663 pace
570 2567 833 2639 consisterent.
863 2566 929 2641 Cui
944 2565 1005 2638 ille
1021 2566 1218 2657 intimavit

12 2684 13 2687 ’
118 2685 259 2735 novum
287 2664 495 2763 principem
522 2669 698 2765 electum⁷
725 2668 903 2765 factuque
928 2691 1023 2765 opus
1052 2691 1152 2761 esse,
1181 2675 1220 2736 ut

117 2766 343 2859 quantocius
364 2766 606 2841 Teutonicum
627 2778 768 2840 terram
788 2767 986 2864 reviseret‚
1010 2771 1055 2841 ad
1075 2768 1221 2841 confor-

116 2867 255 2937 tandos
279 2866 486 2940 amicorum
515 2868 661 2943 animos
686 2879 724 2941 et
743 2879 900 2941 conatus
926 2869 1092 2943 hostium
1120 2892 1221 2940 com-

117 2964 350 3061 primendos,
401 2969 571 3067 Cumque
598 2994 663 3042 rex
688 2973 951 3069 protenderet,
980 2991 1220 3068 nequaquam

117 3065 191 3138 sibi
210 3066 292 3140 sine
310 3068 462 3143 licentia
482 3070 583 3143 sedis
603 3071 810 3168 apostolice
830 3073 1056 3165 abeundum,
1083 3069 1144 3141 ille
1164 3091 1222 3140 re·

119 3168 290 3263 spondit:
318 3170 470 3244 Noueris
494 3178 597 3265 certe,
625 3197 728 3245 omne
755 3174 821 3245 hoc
845 3174 1124 3268 conspirationis
1144 3194 1221 3243 rnu-

12 3278 13 3281 ’
116 3266 193 3349 lum
211 3268 255 3341 de
272 3271 372 3355 fonte
388 3271 551 3344 Roinunc
567 3272 714 3367 perfidie
731 3297 913 3346 munnere.
944 3274 1021 3344 lnro
1039 3276 1070 3343 si
1086 3274 1221 3365 ruptio-

12 3398 14 3403 ·
118 3390 201 3440 nem
227 3371 380 3443 euadere
407 3373 521 3466 voles,
549 3374 591 3445 de
623 3374 713 3446 Urbe
741 3374 805 3444 tibi
829 3373 993 3446 clanculo
1022 3372 1222 3445 seeundum

120 3475 183 3542 est.
228 3471 421 3567 Egressus
436 3472 551 3571 igitur
569 3483 694 3567 noctu,
721 3496 787 3544 rex
808 3473 896 3546 exiit
913 3472 1072 3568 ltaliam,
1096 3471 1221 3544 firma-

12 3642 13 3645 ,
118 3568 245 3667 tisque
273 3596 341 3669 pro
368 3582 540 3672 tempore
567 3577 679 3647 rebus
705 3572 742 3645 in
761 3574 1037 3673 Longobardia,
1063 3574 1220 3646 venitin

12 3694 13 3697 ¹
121 3668 368 3747 Teutonicum
400 3686 552 3747 terram.
605 3674 800 3774 Letatique
833 3688 920 3749 sunt
952 3679 998 3749 de
1029 3676 1220 3770 insperato

120 3772 285 3845 adventu
314 3774 492 3873 principis
518 3800 653 3849 omnes
682 3775 851 3849 civitates
877 3776 970 3849 Reni
999 3786 1036 3847 et
1054 3772 1241 3846 universi·

121 3872 185 3967 qui
204 3873 382 3949 favebant
400 3872 495 3975 parti
522 3878 612 3950 eius.
657 3877 986 3975 Congregavitque
1014 3875 1220 3948 exercitum

122 4012 146 4084 l)
169 4014 249 4070 Conl.
277 4019 387 4073 omnino
405 4019 479 4075 Ano.
505 4018 534 4073 S.
555 4019 677 4073 Disilrodi
697 4037 722 4073 a.
744 4018 824 4074 1078.
854 4023 888 4073 de
907 4018 1020 4089 epistola
1046 4036 1062 4071 a
1087 4014 1221 4089 Gregorio
1243 4075 1245 4080 ,

120 4105 191 4159 papa
210 4092 269 4159 regi
289 4090 408 4146 lludollo
428 4094 519 4147 misse.
548 4091 602 4147 Sed
619 4094 745 4147 coronam
762 4110 810 4147 seu
827 4092 951 4146 diadema
967 4110 1029 4145 eum
1045 4092 1126 4144 simili
1142 4109 1222 4145 versu

119 4178 134 4213 a
156 4180 226 4234 papa
247 4162 367 4219 Rudollo
388 4166 495 4220 missam
516 4184 574 4219 esse
594 4168 648 4220 iam
667 4167 746 4219 nobis
771 4175 866 4219 auctor·
891 4176 931 4219 cst
954 4162 1112 4235 sigebertus
1132 4164 1222 4220 Gem-

120 4235 193 4292 blac.
213 4255 237 4292 e.
261 4236 340 4303 1077,
370 4256 449 4310 quem
477 4250 583 4293 secutus
609 4249 649 4293 cst
675 4240 740 4293 Otto
762 4238 876 4309 Frising.
896 4240 930 4292 de
949 4238 1030 4309 gestis
1052 4235 1181 4293 Fridcrici
1200 4238 1221 4295 l.

121 4307 139 4363 Ι.
162 4307 184 4363 l.
206 4329 229 4364 c.
250 4310 277 4365 7.
298 4312 361 4365 coll.
381 4314 503 4367 eiusdem
524 4310 624 4367 Chron.
646 4314 663 4367 Ι.
685 4312 729 4365 Vl.
752 4331 775 4367 c.
794 4312 839 4366 35.
914 4312 942 4384 2)
963 4308 1120 4367 Wemerus.
1203 4357 1205 4360 ,
