3000 4900
12 1551 15 1724 l

127 468 373 542 nutaretur
391 469 633 545 CHRONICA
651 468 920 544 SLAVORUM.
947 454 1033 542 LlB.
1048 468 1073 541 l.
1130 470 1198 543 191

102 672 190 741 ιΙιιιιι
209 679 336 745 autem
354 670 457 744 dedit
473 669 581 744 nobis
603 670 807 743 lectionem
825 672 872 743 de
918 670 1058 743 salmo:
1095 668 1200 741 Leto·

101 776 161 842 tus
176 793 259 843 sum
276 773 315 843 in
329 770 387 845 iris
403 794 471 868 que
489 769 590 844 dicto
607 778 696 844 runt
708 770 839 867 milri,
825 795 863 843 ιιι
881 695 1058 842 ionium
1051 770 1201 843 Domini

101 870 267 945 ibimus¹
295 872 554 969 Interrogatus
573 896 596 944 a
617 872 738 968 nobis,
758 896 851 971 quas
871 882 1065 969 pateretur
1082 871 1200 943 mole·

101 970 209 1068 stias⁷
235 972 358 1045 nullos
378 996 425 1047 se
438 972 651 1046 torsionum
670 974 820 1046 dolores
840 972 982 1047 sentire
997 971 1199 1087 professus

102 1083 173 1168 est,
199 1076 267 1146 sed
291 1083 440 1146 tantum
459 1074 606 1147 delectu
633 1074 767 1147 virium
786 1073 1031 1173 pregravari.
1058 1076 1197 1145 Verum

101 1197 188 1246 cum
209 1174 346 1248 fratres
374 1175 713 1248 consummationis
739 1174 892 1248 tinem
881 1173 1199 1247 imminerevide-

99 1284 186 1346 rent
187 1274 528 1373 ,impenderunt
496 1300 529 1349 er
542 1300 650 1349 sacre
667 1276 855 1348 unctionis
875 1274 1098 1372 officium,
1068 1296 1199 1371 sicque

98 1375 349 1450 sacramentis
384 1376 611 1450 salutaribus
647 1376 922 1473 communitus
953 1376 1198 1448 illucescente

98 1476 173 1572 die,
201 1500 287 1549 curn
310 1476 477 1551 tenebris
496 1478 617 1551 noctis
641 1432 922 1575 corruptibileni
941 1477 1065 1549 carnis
1085 1474 1199 1548 sarci·

100 1600 189 1648 narn
209 1578 394 1675 deposuit
423 1578 620 1677 Corpus
587 1604 668 1651 erus
685 1578 840 1651 Lubeke
853 1578 1041 1692 perlatum
1059 1601 1079 1649 a
1097 1577 1197 1649 clero
1210 1594 1291 1650 116³.

13 1737 14 1758 2
100 1690 138 1749 et
157 1677 301 1751 civibus
319 1679 507 1753 honeste²
525 1680 702 1754 traditum
723 1689 783 1753 est
802 1679 1025 1778 sepulture
1015 1704 1053 1751 ru
1074 1669 1271 1751 meliorus
1337 1726 1341 1733 -

96 1778 253 1853 basilice
279 1804 397 1894 quarn
412 1780 509 1878 ipse·
515 1781 692 1853 fundavit
728 1781 773 1851 Et
790 1780 939 1853 vacavit
958 1782 1072 1853 sedes
1090 1778 1199 1852 Lubi·
1219 1741 1262 1799 ¹³
1274 1806 1277 1814 1

100 1880 228 1953 censis
250 1904 370 1979 usquc
387 1881 424 1953 iu
443 1881 633 1954 Kalendas
651 1880 841 1954 Februarii
862 1904 906 1953 eo
927 1882 1023 1978 quod
1044 1884 1116 1953 dux
1136 1884 1198 1953 ab·

13 2005 14 2022 ³
95 1991 202 2054 esset
221 1991 259 2053 et
278 1991 543 2079 expectaretur
561 1983 643 2055 eius
663 1980 860 2055 sententia.

403 2217 893 2251 *—

123 2478 406 2560 unuuomr
440 2479 775 2562 rnusurrurn
812 2455 1207 2562 euzovrnusrs'

143 2632 531 2716 cunourcunun
564 2633 889 2716 scurronum
921 2633 1078 2715 num
1102 2632 1149 2715 ιι.

253 2907 258 2910 ,
329 2843 549 2906 PRAEFATIO
572 2843 714 2905 OPERIS
737 2843 964 2918 SEQUENTIS.

172 2964 274 3037 luter
297 2963 553 3063 descriptores
578 2965 832 3058 hystoriarum
851 2965 926 3038 rari
943 2965 1198 3062 inveniuntur,

92 3065 159 3164 qui
188 3067 301 3138 rebus
328 3065 448 3162 gestis
474 3065 740 3178 descriptionis
765 3065 879 3139 fidem
907 3067 1095 3164 integram
1124 3066 1198 3140 sol·

92 3175 199 3240 vant.
242 3165 344 3239 Sane
368 3165 559 3263 disparilia
586 3167 784 3240 hominum
811 3167 946 3264 studia⁷
973 3169 1197 3282 plerumque
1233 3229 1236 3236 .

92 3276 273 3366 corrupto
292 3266 395 3338 fonte
415 3267 663 3365 nascentia,
651 3294 691 3341 ιιι
718 3269 801 3367 ipsa
821 3268 1047 3342 narrationis
1067 3291 1198 3367 super·

91 3367 183 3442 licie
207 3366 334 3440 statim
361 3366 504 3443 dinosci
530 3379 703 3466 possunt,
733 3373 822 3441 dum
848 3368 1020 3443 videlicet
1044 3393 1198 3443 succre-

89 3493 218 3544 scens
238 3468 276 3540 in
300 3468 413 3541 corde
431 3469 595 3542 hominis
622 3469 737 3542 veluti
766 3467 1007 3567 superfluitas
1035 3473 1197 3569 quedam

15 3598 16 3641 ι
90 3572 301 3644 humorum
319 3569 505 3644 indebitus
533 3593 642 3642 amor
664 3569 746 3644 sive
765 3570 906 3664 odium,
930 3568 1096 3645 dellectit
1114 3595 1198 3644 nar·

89 3669 252 3744 rationis
267 3671 463 3784 impeturn,
476 3669 657 3744 derelicto
667 3669 837 3745 veritatis
850 3672 1060 3768 tramite7in
1071 3675 1198 3746 dexte·

90 3796 179 3844 ram
198 3770 335 3844 sivein
354 3770 559 3844 sinistram
595 3773 699 3846 Multi
719 3772 820 3846 enim
839 3783 1074 3887 aucupantes
1096 3774 1198 3847 lavo·

15 3924 16 3927 ,
90 3896 179 3946 rem
198 3871 408 3967 hominurn,
421 3871 672 3970 palliaverunt
690 3898 733 3947 se
748 3873 912 3947 amicitie
928 3872 1015 3947 ficta
1034 3876 1197 3973 quadam

88 3970 300 4070 superficie
318 3982 357 4046 et
372 3981 528 4072 propter
550 3974 793 4049 ambitionem
812 3973 968 4047 honoris
987 3999 1056 4049 seu
1075 3974 1198 4050 cuius-

88 4075 188 4148 libet
201 4073 447 4146 emolumenti
461 4075 575 4148 locuti
590 4085 678 4148 sunt
691 4075 878 4173 placentia
894 4075 1123 4174 hominibus
1133 4079 1197 4150 ad·

89 4245 119 4314 1)
139 4243 242 4299 ΡιιιιιΙ.
263 4243 326 4298 122.
399 4244 1197 4319 2)1163.Augustild·r.Noerol.Luueburg.etLi.br

91 4335 212 4375 rnaemo
236 4317 378 4374 lubeca
365 4322 437 4390 apud
461 4319 673 4377 [ειειιιΙιιΗ
