<?xml version="1.0" encoding="UTF-8"?>
<!DOCTYPE html PUBLIC "-//W3C//DTD XHTML 1.0 Transitional//EN"
    "http://www.w3.org/TR/xhtml1/DTD/xhtml1-transitional.dtd">
<html xmlns="http://www.w3.org/1999/xhtml" xml:lang="en" lang="en">
 <head>
  <title>
</title>
<meta http-equiv="Content-Type" content="text/html;charset=utf-8" />
  <meta name='ocr-system' content='tesseract 3.04.00' />
  <meta name='ocr-capabilities' content='ocr_page ocr_carea ocr_par ocr_line ocrx_word'/>
</head>
<body>
  <div class='ocr_page' id='page_1' title='image "./helmoldipresbyt00pertgoog_0213.png"; bbox 0 0 3000 4900; ppageno 0'>
   <div class='ocr_carea' id='block_1_1' title="bbox 140 454 1212 533">
    <p class='ocr_par' dir='ltr' id='par_1_1' title="bbox 140 454 1212 533">
     <span class='ocr_line' id='line_1_1' title="bbox 140 454 1212 533; baseline -0.003 -1"><span class='ocrx_word' id='word_1_1' title='bbox 140 459 386 532; x_wconf 70' lang='lat' dir='ltr'><strong><em>ammoto!</em></strong></span> <span class='ocrx_word' id='word_1_2' title='bbox 405 456 933 533; x_wconf 69' lang='lat' dir='ltr'><strong><em>canonica-sunnonem.</em></strong></span> <span class='ocrx_word' id='word_1_3' title='bbox 959 454 1045 531; x_wconf 74' lang='grc' dir='ltr'><strong><em>ΜΒ,</em></strong></span> <span class='ocrx_word' id='word_1_4' title='bbox 1061 454 1086 526; x_wconf 88' lang='lat'><strong><em>1.</em></strong></span> <span class='ocrx_word' id='word_1_5' title='bbox 1142 456 1212 529; x_wconf 70' lang='lat'><strong><em>187</em></strong></span> 
     </span>
    </p>
   </div>
   <div class='ocr_carea' id='block_1_2' title="bbox 9 654 1241 1659">
    <p class='ocr_par' dir='ltr' id='par_1_2' title="bbox 9 654 1241 1659">
     <span class='ocr_line' id='line_1_2' title="bbox 114 654 1220 757; baseline -0.007 -22"><span class='ocrx_word' id='word_1_6' title='bbox 114 659 184 735; x_wconf 88' lang='lat' dir='ltr'><strong><em>Cui</em></strong></span> <span class='ocrx_word' id='word_1_7' title='bbox 201 661 407 757; x_wconf 81' lang='lat' dir='ltr'><strong>respondet</strong></span> <span class='ocrx_word' id='word_1_8' title='bbox 425 682 575 732; x_wconf 91' lang='lat' dir='ltr'><strong><em>comes:</em></strong></span> <span class='ocrx_word' id='word_1_9' title='bbox 607 656 701 729; x_wconf 86' lang='lat' dir='ltr'><strong><em>Sera</em></strong></span> <span class='ocrx_word' id='word_1_10' title='bbox 718 656 864 754; x_wconf 86' lang='lat' dir='ltr'><strong><em>quidem</em></strong></span> <span class='ocrx_word' id='word_1_11' title='bbox 882 654 1056 729; x_wconf 79' lang='lat' dir='ltr'><strong><em>medicine</em></strong></span> <span class='ocrx_word' id='word_1_12' title='bbox 1070 654 1220 727; x_wconf 91' lang='lat' dir='ltr'><strong><em>consul·-</em></strong></span> 
     </span>
     <span class='ocr_line' id='line_1_3' title="bbox 115 755 1214 856; baseline -0.004 -23"><span class='ocrx_word' id='word_1_13' title='bbox 115 762 207 833; x_wconf 91' lang='lat' dir='ltr'><strong><em>tatio</em></strong></span> <span class='ocrx_word' id='word_1_14' title='bbox 233 766 297 855; x_wconf 76' lang='lat' dir='ltr'><strong><em>cst,</em></strong></span> <span class='ocrx_word' id='word_1_15' title='bbox 323 758 472 856; x_wconf 91' lang='lat' dir='ltr'><strong><em>quondo</em></strong></span> <span class='ocrx_word' id='word_1_16' title='bbox 492 782 575 855; x_wconf 80' lang='lat' dir='ltr'><strong><em>cper</em></strong></span> <span class='ocrx_word' id='word_1_17' title='bbox 598 756 812 853; x_wconf 83' lang='lat' dir='ltr'><strong><em>desperatus</em></strong></span> <span class='ocrx_word' id='word_1_18' title='bbox 830 764 890 829; x_wconf 87' lang='lat' dir='ltr'><strong><em>est.</em></strong></span> <span class='ocrx_word' id='word_1_19' title='bbox 931 755 1099 829; x_wconf 80' lang='lat' dir='ltr'><strong><em>Pericula</em></strong></span> <span class='ocrx_word' id='word_1_20' title='bbox 1117 778 1214 829; x_wconf 90' lang='lat' dir='ltr'><strong><em>nunc</em></strong></span> 
     </span>
     <span class='ocr_line' id='line_1_4' title="bbox 115 857 1241 953; baseline -0.008 -16"><span class='ocrx_word' id='word_1_21' title='bbox 115 863 340 937; x_wconf 80' lang='lat' dir='ltr'><strong><em>imminentia</em></strong></span> <span class='ocrx_word' id='word_1_22' title='bbox 354 859 678 933; x_wconf 81' lang='lat' dir='ltr'><strong><em>debuerantantea</em></strong></span> <span class='ocrx_word' id='word_1_23' title='bbox 690 860 805 947; x_wconf 78' lang='lat' dir='ltr'><strong><em>fnisse</em></strong></span> <span class='ocrx_word' id='word_1_24' title='bbox 814 860 973 953; x_wconf 85' lang='lat' dir='ltr'><strong><em>precisa.</em></strong></span> <span class='ocrx_word' id='word_1_25' title='bbox 1001 857 1088 946; x_wconf 86' lang='lat' dir='ltr'><strong><em>(luis</em></strong></span> <span class='ocrx_word' id='word_1_26' title='bbox 1101 879 1213 953; x_wconf 88' lang='lat' dir='ltr'><strong><em>queso</em></strong></span> <span class='ocrx_word' id='word_1_27' title='bbox 1236 933 1241 943; x_wconf 67' lang='grc'><em>,</em></span> 
     </span>
     <span class='ocr_line' id='line_1_5' title="bbox 114 957 1217 1057; baseline -0.005 -23"><span class='ocrx_word' id='word_1_28' title='bbox 114 960 180 1035; x_wconf 84' lang='lat' dir='ltr'><strong><em>tibi</em></strong></span> <span class='ocrx_word' id='word_1_29' title='bbox 198 959 389 1033; x_wconf 80' lang='lat' dir='ltr'><strong><em>consilium</em></strong></span> <span class='ocrx_word' id='word_1_30' title='bbox 406 959 517 1057; x_wconf 78' lang='lat' dir='ltr'><strong><em>dedit,</em></strong></span> <span class='ocrx_word' id='word_1_31' title='bbox 544 968 588 1033; x_wconf 91' lang='lat' dir='ltr'><strong><em>ut</em></strong></span> <span class='ocrx_word' id='word_1_32' title='bbox 605 959 807 1033; x_wconf 75' lang='lat' dir='ltr'><strong><em>obsidionis</em></strong></span> <span class='ocrx_word' id='word_1_33' title='bbox 831 957 1033 1053; x_wconf 89' lang='lat' dir='ltr'><strong><em>periculum</em></strong></span> <span class='ocrx_word' id='word_1_34' title='bbox 1053 960 1217 1029; x_wconf 76' lang='lat' dir='ltr'><strong><em>incurri·-</em></strong></span> 
     </span>
     <span class='ocr_line' id='line_1_6' title="bbox 114 1056 1218 1156; baseline -0.005 -22"><span class='ocrx_word' id='word_1_35' title='bbox 114 1062 195 1135; x_wconf 74' lang='lat' dir='ltr'><strong><em>res?</em></strong></span> <span class='ocrx_word' id='word_1_36' title='bbox 229 1060 362 1156; x_wconf 77' lang='lat' dir='ltr'><strong><em>Maqnc</em></strong></span> <span class='ocrx_word' id='word_1_37' title='bbox 378 1064 633 1156; x_wconf 70' lang='lat' dir='ltr'><strong><em>fndamentm,</em></strong></span> <span class='ocrx_word' id='word_1_38' title='bbox 656 1081 795 1155; x_wconf 85' lang='lat' dir='ltr'><strong><em>ponere</em></strong></span> <span class='ocrx_word' id='word_1_39' title='bbox 811 1062 849 1131; x_wconf 90' lang='lat' dir='ltr'><strong><em>in</em></strong></span> <span class='ocrx_word' id='word_1_40' title='bbox 866 1082 976 1131; x_wconf 75' lang='lat' dir='ltr'><strong><em>navo</em></strong></span> <span class='ocrx_word' id='word_1_41' title='bbox 989 1056 1132 1151; x_wconf 80' lang='lat' dir='ltr'><strong><em>pedem,</em></strong></span> <span class='ocrx_word' id='word_1_42' title='bbox 1151 1056 1218 1128; x_wconf 84' lang='lat' dir='ltr'><strong><em>udi¹</em></strong></span> 
     </span>
     <span class='ocr_line' id='line_1_7' title="bbox 113 1155 1214 1258; baseline -0.005 -24"><span class='ocrx_word' id='word_1_43' title='bbox 113 1185 190 1235; x_wconf 90' lang='lat' dir='ltr'><strong><em>non</em></strong></span> <span class='ocrx_word' id='word_1_44' title='bbox 213 1164 264 1234; x_wconf 90' lang='lat' dir='ltr'><strong><em>sit</em></strong></span> <span class='ocrx_word' id='word_1_45' title='bbox 279 1160 547 1258; x_wconf 74' lang='lat' dir='ltr'><strong><em>diverticulum,</em></strong></span> <span class='ocrx_word' id='word_1_46' title='bbox 579 1161 635 1234; x_wconf 87' lang='lat' dir='ltr'><strong><em>uel</em></strong></span> <span class='ocrx_word' id='word_1_47' title='bbox 656 1160 735 1233; x_wconf 90' lang='lat' dir='ltr'><strong><em>ulla</em></strong></span> <span class='ocrx_word' id='word_1_48' title='bbox 755 1162 936 1232; x_wconf 82' lang='lat' dir='ltr'><strong><em>evasionis</em></strong></span> <span class='ocrx_word' id='word_1_49' title='bbox 957 1158 1108 1230; x_wconf 89' lang='lat' dir='ltr'><strong><em>molitio.</em></strong></span> <span class='ocrx_word' id='word_1_50' title='bbox 1152 1155 1214 1229; x_wconf 87' lang='lat' dir='ltr'><strong><em>Nil</em></strong></span> 
     </span>
     <span class='ocr_line' id='line_1_8' title="bbox 115 1256 1216 1359; baseline -0.005 -24"><span class='ocrx_word' id='word_1_51' title='bbox 115 1264 229 1359; x_wconf 79' lang='lat' dir='ltr'><strong><em>ipitur</em></strong></span> <span class='ocrx_word' id='word_1_52' title='bbox 254 1270 371 1355; x_wconf 86' lang='lat' dir='ltr'><strong><em>restat</em></strong></span> <span class='ocrx_word' id='word_1_53' title='bbox 383 1260 455 1334; x_wconf 90' lang='lat' dir='ltr'><strong><em>nisi</em></strong></span> <span class='ocrx_word' id='word_1_54' title='bbox 472 1261 619 1334; x_wconf 89' lang='lat' dir='ltr'><strong><em>deditio.</em></strong></span> <span class='ocrx_word' id='word_1_55' title='bbox 665 1260 707 1333; x_wconf 87' lang='lat' dir='ltr'><strong><em>Si</em></strong></span> <span class='ocrx_word' id='word_1_56' title='bbox 729 1259 829 1357; x_wconf 91' lang='lat' dir='ltr'><strong><em>quod</em></strong></span> <span class='ocrx_word' id='word_1_57' title='bbox 850 1266 1065 1353; x_wconf 88' lang='lat' dir='ltr'><strong><em>potestesse</em></strong></span> <span class='ocrx_word' id='word_1_58' title='bbox 1082 1256 1216 1331; x_wconf 86' lang='lat' dir='ltr'><strong><em>salutis</em></strong></span> 
     </span>
     <span class='ocr_line' id='line_1_9' title="bbox 115 1357 1212 1458; baseline -0.005 -23"><span class='ocrx_word' id='word_1_59' title='bbox 115 1362 382 1458; x_wconf 75' lang='lat' dir='ltr'><strong><em>compendium,</em></strong></span> <span class='ocrx_word' id='word_1_60' title='bbox 409 1362 493 1435; x_wconf 89' lang='lat' dir='ltr'><strong><em>sola</em></strong></span> <span class='ocrx_word' id='word_1_61' title='bbox 519 1362 702 1435; x_wconf 89' lang='lat' dir='ltr'><strong><em>deditione</em></strong></span> <span class='ocrx_word' id='word_1_62' title='bbox 727 1358 1069 1456; x_wconf 79' lang='lat' dir='ltr'><strong><em>apprehendendam</em></strong></span> <span class='ocrx_word' id='word_1_63' title='bbox 1095 1357 1212 1430; x_wconf 87' lang='lat' dir='ltr'><strong><em>video.</em></strong></span> 
     </span>
     <span class='ocr_line' id='line_1_10' title="bbox 46 1455 1218 1556; baseline -0.007 -19"><span class='ocrx_word' id='word_1_64' title='bbox 46 1521 52 1527; x_wconf 88' lang='lat'><em>.</em></span> <span class='ocrx_word' id='word_1_65' title='bbox 114 1464 161 1537; x_wconf 87' lang='lat' dir='ltr'><strong><em>Et</em></strong></span> <span class='ocrx_word' id='word_1_66' title='bbox 179 1463 232 1535; x_wconf 86' lang='lat' dir='ltr'><strong><em>ait</em></strong></span> <span class='ocrx_word' id='word_1_67' title='bbox 250 1463 521 1537; x_wconf 85' lang='lat' dir='ltr'><strong><em>Wertizlavus:</em></strong></span> <span class='ocrx_word' id='word_1_68' title='bbox 556 1463 633 1535; x_wconf 86' lang='lat' dir='ltr'><strong><em>Fae</em></strong></span> <span class='ocrx_word' id='word_1_69' title='bbox 643 1485 719 1556; x_wconf 87' lang='lat' dir='ltr'><strong><em>pro</em></strong></span> <span class='ocrx_word' id='word_1_70' title='bbox 735 1461 840 1533; x_wconf 86' lang='lat' dir='ltr'><strong><em>nobis</em></strong></span> <span class='ocrx_word' id='word_1_71' title='bbox 857 1460 1006 1533; x_wconf 83' lang='lat' dir='ltr'><strong><em>verbum</em></strong></span> <span class='ocrx_word' id='word_1_72' title='bbox 1024 1457 1126 1553; x_wconf 89' lang='lat' dir='ltr'><strong><em>apud</em></strong></span> <span class='ocrx_word' id='word_1_73' title='bbox 1146 1455 1218 1529; x_wconf 86' lang='lat' dir='ltr'><strong><em>du·—</em></strong></span> 
     </span>
     <span class='ocr_line' id='line_1_11' title="bbox 9 1556 1220 1659; baseline -0.002 -27"><span class='ocrx_word' id='word_1_74' title='bbox 9 1621 10 1632; x_wconf 70' lang='grc'>,</span> <span class='ocrx_word' id='word_1_75' title='bbox 115 1588 204 1659; x_wconf 79' lang='lat' dir='ltr'><strong><em>can,</em></strong></span> <span class='ocrx_word' id='word_1_76' title='bbox 228 1571 271 1636; x_wconf 91' lang='lat' dir='ltr'><strong><em>ut</em></strong></span> <span class='ocrx_word' id='word_1_77' title='bbox 291 1566 368 1637; x_wconf 91' lang='lat' dir='ltr'><strong><em>sinc</em></strong></span> <span class='ocrx_word' id='word_1_78' title='bbox 380 1563 547 1657; x_wconf 87' lang='lat' dir='ltr'><strong><em>periculo</em></strong></span> <span class='ocrx_word' id='word_1_79' title='bbox 565 1566 635 1636; x_wconf 88' lang='lat' dir='ltr'><strong><em>uite</em></strong></span> <span class='ocrx_word' id='word_1_80' title='bbox 652 1570 688 1635; x_wconf 91' lang='lat' dir='ltr'><strong><em>ct</em></strong></span> <span class='ocrx_word' id='word_1_81' title='bbox 703 1562 948 1635; x_wconf 86' lang='lat' dir='ltr'><strong><em>membrorum</em></strong></span> <span class='ocrx_word' id='word_1_82' title='bbox 967 1560 1128 1655; x_wconf 89' lang='lat' dir='ltr'><strong><em>dampno</em></strong></span> <span class='ocrx_word' id='word_1_83' title='bbox 1147 1556 1220 1631; x_wconf 76' lang='lat' dir='ltr'><strong><em>ad·</em></strong></span> 
     </span>
    </p>
   </div>
   <div class='ocr_carea' id='block_1_3' title="bbox 9 1662 1258 1763">
    <p class='ocr_par' dir='ltr' id='par_1_3' title="bbox 9 1662 1258 1763">
     <span class='ocr_line' id='line_1_12' title="bbox 9 1662 1258 1763; baseline -0.006 -25"><span class='ocrx_word' id='word_1_84' title='bbox 9 1669 10 1672; x_wconf 72' lang='grc'>’</span> <span class='ocrx_word' id='word_1_85' title='bbox 117 1667 306 1737; x_wconf 80' lang='lat' dir='ltr'><strong><em>mittamur</em></strong></span> <span class='ocrx_word' id='word_1_86' title='bbox 324 1663 511 1759; x_wconf 87' lang='lat' dir='ltr'><strong><em>deditioni.</em></strong></span> <span class='ocrx_word' id='word_1_87' title='bbox 543 1665 649 1738; x_wconf 87' lang='lat' dir='ltr'><strong><em>Tunc</em></strong></span> <span class='ocrx_word' id='word_1_88' title='bbox 665 1662 832 1763; x_wconf 88' lang='lat' dir='ltr'><strong><em>perrexit</em></strong></span> <span class='ocrx_word' id='word_1_89' title='bbox 850 1686 979 1735; x_wconf 86' lang='lat' dir='ltr'><strong><em>comes</em></strong></span> <span class='ocrx_word' id='word_1_90' title='bbox 1000 1663 1046 1733; x_wconf 90' lang='lat' dir='ltr'><strong><em>ad</em></strong></span> <span class='ocrx_word' id='word_1_91' title='bbox 1065 1664 1217 1755; x_wconf 80' lang='lat' dir='ltr'><strong><em>ducem,¹</em></strong></span> <span class='ocrx_word' id='word_1_92' title='bbox 1256 1727 1258 1731; x_wconf 86' lang='grc'><em>,</em></span> 
     </span>
    </p>
   </div>
   <div class='ocr_carea' id='block_1_4' title="bbox 114 1760 1220 1963">
    <p class='ocr_par' dir='ltr' id='par_1_4' title="bbox 114 1760 1220 1963">
     <span class='ocr_line' id='line_1_13' title="bbox 114 1760 1217 1863; baseline -0.007 -24"><span class='ocrx_word' id='word_1_93' title='bbox 114 1764 369 1863; x_wconf 74' lang='lat' dir='ltr'><strong><em>eet-alloquens</em></strong></span> <span class='ocrx_word' id='word_1_94' title='bbox 389 1788 456 1839; x_wconf 87' lang='lat' dir='ltr'><strong><em>eos</em></strong></span> <span class='ocrx_word' id='word_1_95' title='bbox 471 1766 510 1838; x_wconf 88' lang='lat' dir='ltr'><strong><em>in</em></strong></span> <span class='ocrx_word' id='word_1_96' title='bbox 527 1765 660 1862; x_wconf 85' lang='lat' dir='ltr'><strong><em>quibus</em></strong></span> <span class='ocrx_word' id='word_1_97' title='bbox 677 1766 893 1863; x_wconf 86' lang='lat' dir='ltr'><strong><em>pendebant</em></strong></span> <span class='ocrx_word' id='word_1_98' title='bbox 910 1761 1079 1857; x_wconf 74' lang='lat' dir='ltr'><strong><em>consilia,</em></strong></span> <span class='ocrx_word' id='word_1_99' title='bbox 1099 1760 1217 1833; x_wconf 81' lang='lat' dir='ltr'><strong><em>mani-</em></strong></span> 
     </span>
     <span class='ocr_line' id='line_1_14' title="bbox 114 1860 1220 1963; baseline -0.004 -27"><span class='ocrx_word' id='word_1_100' title='bbox 114 1866 268 1940; x_wconf 78' lang='lat' dir='ltr'><strong><em>festavit</em></strong></span> <span class='ocrx_word' id='word_1_101' title='bbox 293 1864 349 1939; x_wconf 88' lang='lat' dir='ltr'><strong><em>eis</em></strong></span> <span class='ocrx_word' id='word_1_102' title='bbox 377 1864 590 1963; x_wconf 83' lang='lat' dir='ltr'><strong><em>negocium.</em></strong></span> <span class='ocrx_word' id='word_1_103' title='bbox 637 1866 685 1938; x_wconf 80' lang='lat' dir='ltr'><strong><em>At</em></strong></span> <span class='ocrx_word' id='word_1_104' title='bbox 710 1864 782 1962; x_wconf 72' lang='lat' dir='ltr'><strong><em>illi⁷</em></strong></span> <span class='ocrx_word' id='word_1_105' title='bbox 812 1866 1010 1960; x_wconf 80' lang='lat' dir='ltr'><strong><em>degustata</em></strong></span> <span class='ocrx_word' id='word_1_106' title='bbox 1037 1860 1220 1960; x_wconf 82' lang='lat' dir='ltr'><strong><em>principis</em></strong></span> 
     </span>
    </p>
   </div>
   <div class='ocr_carea' id='block_1_5' title="bbox 9 1962 1218 2064">
    <p class='ocr_par' dir='ltr' id='par_1_5' title="bbox 9 1962 1218 2064">
     <span class='ocr_line' id='line_1_15' title="bbox 9 1962 1218 2064; baseline -0.003 -27"><span class='ocrx_word' id='word_1_107' title='bbox 9 2035 10 2064; x_wconf 23' lang='lat' dir='ltr'><strong><em>q</em></strong></span> <span class='ocrx_word' id='word_1_108' title='bbox 114 1966 322 2063; x_wconf 76' lang='lat' dir='ltr'><strong><em>voluntate,</em></strong></span> <span class='ocrx_word' id='word_1_109' title='bbox 341 1967 525 2039; x_wconf 88' lang='lat' dir='ltr'><strong><em>dederunt</em></strong></span> <span class='ocrx_word' id='word_1_110' title='bbox 544 1990 693 2059; x_wconf 72' lang='lat' dir='ltr'><strong><em>manus,</em></strong></span> <span class='ocrx_word' id='word_1_111' title='bbox 712 1974 754 2037; x_wconf 87' lang='lat' dir='ltr'><strong><em>ut</em></strong></span> <span class='ocrx_word' id='word_1_112' title='bbox 766 1963 978 2062; x_wconf 91' lang='lat' dir='ltr'><strong><em>quicunque</em></strong></span> <span class='ocrx_word' id='word_1_113' title='bbox 993 1962 1218 2036; x_wconf 75' lang='lat' dir='ltr'><strong><em>Seianorum</em></strong></span> 
     </span>
    </p>
   </div>
   <div class='ocr_carea' id='block_1_6' title="bbox 117 2062 1302 2165">
    <p class='ocr_par' dir='ltr' id='par_1_6' title="bbox 117 2062 1302 2165">
     <span class='ocr_line' id='line_1_16' title="bbox 117 2062 1302 2165; baseline -0.006 -26"><span class='ocrx_word' id='word_1_114' title='bbox 117 2066 285 2141; x_wconf 88' lang='lat' dir='ltr'><strong><em>dedisset</em></strong></span> <span class='ocrx_word' id='word_1_115' title='bbox 303 2090 346 2140; x_wconf 87' lang='lat' dir='ltr'><strong><em>se</em></strong></span> <span class='ocrx_word' id='word_1_116' title='bbox 366 2067 403 2139; x_wconf 91' lang='lat' dir='ltr'><strong><em>in</em></strong></span> <span class='ocrx_word' id='word_1_117' title='bbox 421 2076 651 2165; x_wconf 87' lang='lat' dir='ltr'><strong><em>potestatem</em></strong></span> <span class='ocrx_word' id='word_1_118' title='bbox 665 2065 788 2163; x_wconf 75' lang='lat' dir='ltr'><strong><em>ducis⁷</em></strong></span> <span class='ocrx_word' id='word_1_119' title='bbox 808 2063 988 2143; x_wconf 87' lang='lat' dir='ltr'><strong><em>membris</em></strong></span> <span class='ocrx_word' id='word_1_120' title='bbox 1009 2075 1045 2136; x_wconf 88' lang='lat' dir='ltr'><strong><em>et</em></strong></span> <span class='ocrx_word' id='word_1_121' title='bbox 1060 2062 1136 2135; x_wconf 83' lang='lat' dir='ltr'><strong><em>rita</em></strong></span> <span class='ocrx_word' id='word_1_122' title='bbox 1151 2086 1216 2163; x_wconf 90' lang='lat' dir='ltr'><strong><em>po·</em></strong></span> <span class='ocrx_word' id='word_1_123' title='bbox 1300 2122 1302 2125; x_wconf 96' lang='lat'>.</span> 
     </span>
    </p>
   </div>
   <div class='ocr_carea' id='block_1_7' title="bbox 9 2164 1220 2264">
    <p class='ocr_par' dir='ltr' id='par_1_7' title="bbox 9 2164 1220 2264">
     <span class='ocr_line' id='line_1_17' title="bbox 9 2164 1220 2264; baseline -0.002 -25"><span class='ocrx_word' id='word_1_124' title='bbox 9 2197 10 2254; x_wconf 68' lang='lat'>3</span> <span class='ocrx_word' id='word_1_125' title='bbox 113 2167 265 2264; x_wconf 70' lang='lat' dir='ltr'><strong><em>tiretur,</em></strong></span> <span class='ocrx_word' id='word_1_126' title='bbox 294 2191 338 2241; x_wconf 91' lang='lat' dir='ltr'><strong><em>ea</em></strong></span> <span class='ocrx_word' id='word_1_127' title='bbox 364 2178 492 2241; x_wconf 90' lang='lat' dir='ltr'><strong><em>tamen</em></strong></span> <span class='ocrx_word' id='word_1_128' title='bbox 521 2166 755 2263; x_wconf 73' lang='lat' dir='ltr'><strong><em>conditione,</em></strong></span> <span class='ocrx_word' id='word_1_129' title='bbox 783 2176 824 2238; x_wconf 83' lang='lat' dir='ltr'><strong><em>ut</em></strong></span> <span class='ocrx_word' id='word_1_130' title='bbox 850 2176 887 2239; x_wconf 89' lang='lat' dir='ltr'><strong><em>et</em></strong></span> <span class='ocrx_word' id='word_1_131' title='bbox 914 2164 1141 2239; x_wconf 86' lang='lat' dir='ltr'><strong><em>Pribizlavus</em></strong></span> <span class='ocrx_word' id='word_1_132' title='bbox 1169 2166 1220 2237; x_wconf 88' lang='lat' dir='ltr'><strong><em>ab·</em></strong></span> 
     </span>
    </p>
   </div>
   <div class='ocr_carea' id='block_1_8' title="bbox 117 2264 1221 2345">
    <p class='ocr_par' dir='ltr' id='par_1_8' title="bbox 117 2264 1221 2345">
     <span class='ocr_line' id='line_1_18' title="bbox 117 2264 1221 2345; baseline -0.004 -6"><span class='ocrx_word' id='word_1_133' title='bbox 117 2267 234 2341; x_wconf 91' lang='lat' dir='ltr'><strong><em>armis</em></strong></span> <span class='ocrx_word' id='word_1_134' title='bbox 253 2267 476 2345; x_wconf 86' lang='lat' dir='ltr'><strong><em>discederet.</em></strong></span> <span class='ocrx_word' id='word_1_135' title='bbox 515 2268 619 2341; x_wconf 91' lang='lat' dir='ltr'><strong><em>Tunc</em></strong></span> <span class='ocrx_word' id='word_1_136' title='bbox 644 2271 827 2340; x_wconf 87' lang='lat' dir='ltr'><strong><em>conductu</em></strong></span> <span class='ocrx_word' id='word_1_137' title='bbox 849 2265 1048 2339; x_wconf 82' lang='lat' dir='ltr'><strong><em>clarissimi</em></strong></span> <span class='ocrx_word' id='word_1_138' title='bbox 1067 2264 1221 2338; x_wconf 88' lang='lat' dir='ltr'><strong><em>comitis</em></strong></span> 
     </span>
    </p>
   </div>
   <div class='ocr_carea' id='block_1_9' title="bbox 9 2364 1220 2443">
    <p class='ocr_par' dir='ltr' id='par_1_9' title="bbox 9 2364 1220 2443">
     <span class='ocr_line' id='line_1_19' title="bbox 9 2364 1220 2443; baseline -0.004 -1"><span class='ocrx_word' id='word_1_139' title='bbox 9 2419 10 2424; x_wconf 65' lang='lat'>,</span> <span class='ocrx_word' id='word_1_140' title='bbox 117 2368 290 2441; x_wconf 86' lang='lat' dir='ltr'><strong><em>exierunt</em></strong></span> <span class='ocrx_word' id='word_1_141' title='bbox 308 2371 354 2443; x_wconf 89' lang='lat' dir='ltr'><strong><em>de</em></strong></span> <span class='ocrx_word' id='word_1_142' title='bbox 375 2368 582 2442; x_wconf 91' lang='lat' dir='ltr'><strong><em>munitione</em></strong></span> <span class='ocrx_word' id='word_1_143' title='bbox 597 2367 847 2442; x_wconf 84' lang='lat' dir='ltr'><strong><em>Wertizlavus</em></strong></span> <span class='ocrx_word' id='word_1_144' title='bbox 868 2377 905 2439; x_wconf 87' lang='lat' dir='ltr'><strong><em>et</em></strong></span> <span class='ocrx_word' id='word_1_145' title='bbox 919 2375 1053 2440; x_wconf 87' lang='lat' dir='ltr'><strong><em>omnes</em></strong></span> <span class='ocrx_word' id='word_1_146' title='bbox 1068 2364 1220 2438; x_wconf 81' lang='lat' dir='ltr'><strong><em>nobiles</em></strong></span> 
     </span>
    </p>
   </div>
   <div class='ocr_carea' id='block_1_10' title="bbox 9 2466 1223 3775">
    <p class='ocr_par' dir='ltr' id='par_1_10' title="bbox 9 2466 1223 3775">
     <span class='ocr_line' id='line_1_20' title="bbox 117 2466 1215 2567; baseline -0.005 -23"><span class='ocrx_word' id='word_1_147' title='bbox 117 2470 352 2565; x_wconf 73' lang='lat' dir='ltr'><strong><em>suavorum,</em></strong></span> <span class='ocrx_word' id='word_1_148' title='bbox 378 2481 415 2544; x_wconf 87' lang='lat' dir='ltr'><strong><em>et</em></strong></span> <span class='ocrx_word' id='word_1_149' title='bbox 433 2472 684 2543; x_wconf 88' lang='lat' dir='ltr'><strong><em>veneruntad</em></strong></span> <span class='ocrx_word' id='word_1_150' title='bbox 702 2469 821 2567; x_wconf 86' lang='lat' dir='ltr'><strong><em>pedes</em></strong></span> <span class='ocrx_word' id='word_1_151' title='bbox 842 2467 960 2564; x_wconf 74' lang='lat' dir='ltr'><strong><em>ducis,</em></strong></span> <span class='ocrx_word' id='word_1_152' title='bbox 980 2466 1215 2540; x_wconf 88' lang='lat' dir='ltr'><strong><em>uniuscuius-</em></strong></span> 
     </span>
     <span class='ocr_line' id='line_1_21' title="bbox 118 2567 1219 2669; baseline -0.003 -27"><span class='ocrx_word' id='word_1_153' title='bbox 118 2595 191 2668; x_wconf 92' lang='lat' dir='ltr'><strong><em>que</em></strong></span> <span class='ocrx_word' id='word_1_154' title='bbox 220 2571 322 2644; x_wconf 86' lang='lat' dir='ltr'><strong><em>ensis</em></strong></span> <span class='ocrx_word' id='word_1_155' title='bbox 349 2595 465 2669; x_wconf 89' lang='lat' dir='ltr'><strong><em>super</em></strong></span> <span class='ocrx_word' id='word_1_156' title='bbox 492 2570 673 2643; x_wconf 87' lang='lat' dir='ltr'><strong><em>verticem</em></strong></span> <span class='ocrx_word' id='word_1_157' title='bbox 709 2593 832 2644; x_wconf 89' lang='lat' dir='ltr'><strong><em>suum.</em></strong></span> <span class='ocrx_word' id='word_1_158' title='bbox 876 2571 922 2642; x_wconf 88' lang='lat' dir='ltr'><strong><em>Et</em></strong></span> <span class='ocrx_word' id='word_1_159' title='bbox 949 2567 1118 2667; x_wconf 87' lang='lat' dir='ltr'><strong><em>suscepit</em></strong></span> <span class='ocrx_word' id='word_1_160' title='bbox 1149 2591 1219 2640; x_wconf 86' lang='lat' dir='ltr'><strong><em>eos</em></strong></span> 
     </span>
     <span class='ocr_line' id='line_1_22' title="bbox 117 2668 1218 2767; baseline -0.004 -24"><span class='ocrx_word' id='word_1_161' title='bbox 117 2674 204 2767; x_wconf 75' lang='lat' dir='ltr'><strong><em>dux,</em></strong></span> <span class='ocrx_word' id='word_1_162' title='bbox 232 2683 271 2744; x_wconf 90' lang='lat' dir='ltr'><strong><em>et</em></strong></span> <span class='ocrx_word' id='word_1_163' title='bbox 287 2671 443 2744; x_wconf 84' lang='lat' dir='ltr'><strong><em>reclusit</em></strong></span> <span class='ocrx_word' id='word_1_164' title='bbox 460 2671 497 2743; x_wconf 92' lang='lat' dir='ltr'><strong><em>in</em></strong></span> <span class='ocrx_word' id='word_1_165' title='bbox 517 2671 697 2745; x_wconf 88' lang='lat' dir='ltr'><strong><em>custodia.</em></strong></span> <span class='ocrx_word' id='word_1_166' title='bbox 722 2669 913 2767; x_wconf 80' lang='lat' dir='ltr'><strong><em>Precepit</em></strong></span> <span class='ocrx_word' id='word_1_167' title='bbox 930 2668 1045 2766; x_wconf 82' lang='lat' dir='ltr'><strong><em>igitur</em></strong></span> <span class='ocrx_word' id='word_1_168' title='bbox 1062 2673 1149 2765; x_wconf 78' lang='lat' dir='ltr'><strong><em>dux,</em></strong></span> <span class='ocrx_word' id='word_1_169' title='bbox 1177 2677 1218 2740; x_wconf 91' lang='lat' dir='ltr'><strong><em>ut</em></strong></span> 
     </span>
     <span class='ocr_line' id='line_1_23' title="bbox 117 2769 1217 2871; baseline -0.004 -27"><span class='ocrx_word' id='word_1_170' title='bbox 117 2772 332 2871; x_wconf 87' lang='lat' dir='ltr'><strong><em>quicunque</em></strong></span> <span class='ocrx_word' id='word_1_171' title='bbox 363 2773 555 2846; x_wconf 82' lang='lat' dir='ltr'><strong><em>Dacorum</em></strong></span> <span class='ocrx_word' id='word_1_172' title='bbox 582 2771 719 2870; x_wconf 84' lang='lat' dir='ltr'><strong><em>captivi</em></strong></span> <span class='ocrx_word' id='word_1_173' title='bbox 749 2771 979 2844; x_wconf 89' lang='lat' dir='ltr'><strong><em>haberentur</em></strong></span> <span class='ocrx_word' id='word_1_174' title='bbox 1009 2769 1046 2841; x_wconf 94' lang='lat' dir='ltr'><strong><em>in</em></strong></span> <span class='ocrx_word' id='word_1_175' title='bbox 1080 2778 1217 2864; x_wconf 77' lang='lat' dir='ltr'><strong><em>castro,</em></strong></span> 
     </span>
     <span class='ocr_line' id='line_1_24' title="bbox 117 2869 1220 2969; baseline -0.004 -25"><span class='ocrx_word' id='word_1_176' title='bbox 117 2871 520 2969; x_wconf 84' lang='lat' dir='ltr'><strong><em>potirenturlibertate,</em></strong></span> <span class='ocrx_word' id='word_1_177' title='bbox 540 2884 578 2946; x_wconf 86' lang='lat' dir='ltr'><strong><em>et</em></strong></span> <span class='ocrx_word' id='word_1_178' title='bbox 589 2872 678 2944; x_wconf 88' lang='lat' dir='ltr'><strong><em>exiit</em></strong></span> <span class='ocrx_word' id='word_1_179' title='bbox 688 2874 734 2944; x_wconf 87' lang='lat' dir='ltr'><strong><em>de</em></strong></span> <span class='ocrx_word' id='word_1_180' title='bbox 744 2870 1025 2952; x_wconf 81' lang='lat' dir='ltr'><strong><em>illis&#39;mnltitudo</em></strong></span> <span class='ocrx_word' id='word_1_181' title='bbox 1038 2869 1220 2964; x_wconf 67' lang='lat' dir='ltr'><strong><em>maxima7</em></strong></span> 
     </span>
     <span class='ocr_line' id='line_1_25' title="bbox 118 2969 1222 3071; baseline -0.004 -27"><span class='ocrx_word' id='word_1_182' title='bbox 118 2971 374 3071; x_wconf 85' lang='lat' dir='ltr'><strong><em>imprecantes</em></strong></span> <span class='ocrx_word' id='word_1_183' title='bbox 394 2973 478 3046; x_wconf 91' lang='lat' dir='ltr'><strong><em>duci</em></strong></span> <span class='ocrx_word' id='word_1_184' title='bbox 495 2973 702 3046; x_wconf 85' lang='lat' dir='ltr'><strong><em>fortissimo</em></strong></span> <span class='ocrx_word' id='word_1_185' title='bbox 714 2975 811 3044; x_wconf 89' lang='lat' dir='ltr'><strong><em>bona</em></strong></span> <span class='ocrx_word' id='word_1_186' title='bbox 827 2996 893 3071; x_wconf 89' lang='lat' dir='ltr'><strong><em>pro</em></strong></span> <span class='ocrx_word' id='word_1_187' title='bbox 908 2971 1048 3045; x_wconf 90' lang='lat' dir='ltr'><strong><em>suimet</em></strong></span> <span class='ocrx_word' id='word_1_188' title='bbox 1058 2969 1222 3068; x_wconf 83' lang='lat' dir='ltr'><strong><em>ereptio·</em></strong></span> 
     </span>
     <span class='ocr_line' id='line_1_26' title="bbox 118 3070 1220 3171; baseline -0.005 -25"><span class='ocrx_word' id='word_1_189' title='bbox 118 3097 179 3146; x_wconf 90' lang='lat' dir='ltr'><strong><em>ne.</em></strong></span> <span class='ocrx_word' id='word_1_190' title='bbox 214 3074 328 3147; x_wconf 90' lang='lat' dir='ltr'><strong><em>Porro</em></strong></span> <span class='ocrx_word' id='word_1_191' title='bbox 354 3085 520 3148; x_wconf 87' lang='lat' dir='ltr'><strong><em>castrum</em></strong></span> <span class='ocrx_word' id='word_1_192' title='bbox 548 3084 587 3147; x_wconf 87' lang='lat' dir='ltr'><strong><em>et</em></strong></span> <span class='ocrx_word' id='word_1_193' title='bbox 604 3073 743 3171; x_wconf 82' lang='lat' dir='ltr'><strong><em>vulgus</em></strong></span> <span class='ocrx_word' id='word_1_194' title='bbox 769 3072 933 3170; x_wconf 82' lang='lat' dir='ltr'><strong><em>ignobile</em></strong></span> <span class='ocrx_word' id='word_1_195' title='bbox 954 3071 1042 3146; x_wconf 86' lang='lat' dir='ltr'><strong><em>fecit</em></strong></span> <span class='ocrx_word' id='word_1_196' title='bbox 1060 3070 1220 3166; x_wconf 74' lang='lat' dir='ltr'><strong><em>servari⁷</em></strong></span> 
     </span>
     <span class='ocr_line' id='line_1_27' title="bbox 120 3174 1223 3272; baseline -0.003 -25"><span class='ocrx_word' id='word_1_197' title='bbox 120 3184 159 3247; x_wconf 90' lang='lat' dir='ltr'><strong><em>et</em></strong></span> <span class='ocrx_word' id='word_1_198' title='bbox 183 3174 380 3272; x_wconf 86' lang='lat' dir='ltr'><strong><em>preposuit</em></strong></span> <span class='ocrx_word' id='word_1_199' title='bbox 395 3174 462 3248; x_wconf 43' lang='lat' dir='ltr'><strong><em>‘eis</em></strong></span> <span class='ocrx_word' id='word_1_200' title='bbox 488 3175 740 3249; x_wconf 87' lang='lat' dir='ltr'><strong><em>Lubemarum</em></strong></span> <span class='ocrx_word' id='word_1_201' title='bbox 767 3176 956 3272; x_wconf 87' lang='lat' dir='ltr'><strong><em>quondam</em></strong></span> <span class='ocrx_word' id='word_1_202' title='bbox 980 3183 1223 3268; x_wconf 60' lang='lat' dir='ltr'><strong><em>veteranum,</em></strong></span> 
     </span>
     <span class='ocr_line' id='line_1_28' title="bbox 119 3274 1223 3374; baseline 0 -28"><span class='ocrx_word' id='word_1_203' title='bbox 119 3275 275 3348; x_wconf 85' lang='lat' dir='ltr'><strong><em>fratrem</em></strong></span> <span class='ocrx_word' id='word_1_204' title='bbox 290 3274 436 3372; x_wconf 77' lang='lat' dir='ltr'><strong><em>Ninon,</em></strong></span> <span class='ocrx_word' id='word_1_205' title='bbox 464 3284 505 3346; x_wconf 90' lang='lat' dir='ltr'><strong><em>ut</em></strong></span> <span class='ocrx_word' id='word_1_206' title='bbox 526 3286 702 3374; x_wconf 83' lang='lat' dir='ltr'><strong><em>preesse-t</em></strong></span> <span class='ocrx_word' id='word_1_207' title='bbox 727 3286 827 3348; x_wconf 88' lang='lat' dir='ltr'><strong><em>terre</em></strong></span> <span class='ocrx_word' id='word_1_208' title='bbox 848 3285 885 3348; x_wconf 91' lang='lat' dir='ltr'><strong><em>et</em></strong></span> <span class='ocrx_word' id='word_1_209' title='bbox 904 3274 1062 3348; x_wconf 88' lang='lat' dir='ltr'><strong><em>sentiret</em></strong></span> <span class='ocrx_word' id='word_1_210' title='bbox 1080 3297 1123 3346; x_wconf 89' lang='lat' dir='ltr'><strong><em>ea</em></strong></span> <span class='ocrx_word' id='word_1_211' title='bbox 1144 3295 1223 3370; x_wconf 83' lang='lat' dir='ltr'><strong><em>que</em></strong></span> 
     </span>
     <span class='ocr_line' id='line_1_29' title="bbox 119 3373 1222 3470; baseline 0.002 -24"><span class='ocrx_word' id='word_1_212' title='bbox 119 3374 288 3448; x_wconf 88' lang='lat' dir='ltr'><strong><em>subiecta</em></strong></span> <span class='ocrx_word' id='word_1_213' title='bbox 307 3373 427 3448; x_wconf 87' lang='lat' dir='ltr'><strong><em>sunt¹.</em></strong></span> <span class='ocrx_word' id='word_1_214' title='bbox 463 3375 732 3449; x_wconf 82' lang='lat' dir='ltr'><strong><em>Wertizlavum</em></strong></span> <span class='ocrx_word' id='word_1_215' title='bbox 757 3399 848 3447; x_wconf 93' lang='lat' dir='ltr'><strong><em>vero</em></strong></span> <span class='ocrx_word' id='word_1_216' title='bbox 867 3374 1088 3450; x_wconf 87' lang='lat' dir='ltr'><strong><em>Sclavorum</em></strong></span> <span class='ocrx_word' id='word_1_217' title='bbox 1108 3397 1222 3470; x_wconf 59' lang='lat' dir='ltr'><strong><em>regu*¹</em></strong></span> 
     </span>
     <span class='ocr_line' id='line_1_30' title="bbox 9 3473 1218 3579; baseline -0.002 -31"><span class='ocrx_word' id='word_1_218' title='bbox 9 3562 10 3579; x_wconf 12' lang='grc' dir='ltr'>χ</span> <span class='ocrx_word' id='word_1_219' title='bbox 119 3475 199 3548; x_wconf 89' lang='lat' dir='ltr'><strong><em>lum</em></strong></span> <span class='ocrx_word' id='word_1_220' title='bbox 214 3475 317 3548; x_wconf 83' lang='lat' dir='ltr'><strong><em>duxit</em></strong></span> <span class='ocrx_word' id='word_1_221' title='bbox 336 3499 467 3549; x_wconf 89' lang='lat' dir='ltr'><strong><em>secum</em></strong></span> <span class='ocrx_word' id='word_1_222' title='bbox 481 3475 738 3572; x_wconf 74' lang='lat' dir='ltr'><strong><em>Bruneswioh,</em></strong></span> <span class='ocrx_word' id='word_1_223' title='bbox 756 3485 802 3566; x_wconf 80' lang='lat' dir='ltr'><strong><em>et</em></strong></span> <span class='ocrx_word' id='word_1_224' title='bbox 812 3474 984 3548; x_wconf 86' lang='lat' dir='ltr'><strong><em>astrinxit</em></strong></span> <span class='ocrx_word' id='word_1_225' title='bbox 998 3499 1085 3548; x_wconf 83' lang='lat' dir='ltr'><strong><em>eum</em></strong></span> <span class='ocrx_word' id='word_1_226' title='bbox 1099 3473 1218 3548; x_wconf 90' lang='lat' dir='ltr'><strong><em>mani-</em></strong></span> 
     </span>
     <span class='ocr_line' id='line_1_31' title="bbox 9 3570 1223 3674; baseline 0 -26"><span class='ocrx_word' id='word_1_227' title='bbox 9 3582 10 3623; x_wconf 65' lang='lat' dir='ltr'><strong><em>l</em></strong></span> <span class='ocrx_word' id='word_1_228' title='bbox 121 3575 175 3650; x_wconf 86' lang='lat' dir='ltr'><strong><em>cis</em></strong></span> <span class='ocrx_word' id='word_1_229' title='bbox 202 3575 351 3673; x_wconf 74' lang='lat' dir='ltr'><strong><em>ferreis⁷</em></strong></span> <span class='ocrx_word' id='word_1_230' title='bbox 383 3587 531 3650; x_wconf 89' lang='lat' dir='ltr'><strong><em>ceteros</em></strong></span> <span class='ocrx_word' id='word_1_231' title='bbox 564 3570 654 3648; x_wconf 78' lang='lat' dir='ltr'><strong><em>v&#39;ero</em></strong></span> <span class='ocrx_word' id='word_1_232' title='bbox 683 3575 892 3674; x_wconf 87' lang='lat' dir='ltr'><strong><em>dispertivit</em></strong></span> <span class='ocrx_word' id='word_1_233' title='bbox 917 3599 987 3674; x_wconf 87' lang='lat' dir='ltr'><strong><em>per</em></strong></span> <span class='ocrx_word' id='word_1_234' title='bbox 1015 3573 1223 3670; x_wconf 64' lang='lat' dir='ltr'><strong><em>custodias,</em></strong></span> 
     </span>
     <span class='ocr_line' id='line_1_32' title="bbox 119 3675 1218 3775; baseline -0.002 -25"><span class='ocrx_word' id='word_1_235' title='bbox 119 3699 318 3775; x_wconf 88' lang='lat' dir='ltr'><strong><em>quousque</em></strong></span> <span class='ocrx_word' id='word_1_236' title='bbox 328 3676 521 3751; x_wconf 86' lang='lat' dir='ltr'><strong><em>solverent</em></strong></span> <span class='ocrx_word' id='word_1_237' title='bbox 534 3676 783 3750; x_wconf 90' lang='lat' dir='ltr'><strong><em>novissimum</em></strong></span> <span class='ocrx_word' id='word_1_238' title='bbox 798 3677 1058 3774; x_wconf 84' lang='lat' dir='ltr'><strong><em>quadrantem.</em></strong></span> <span class='ocrx_word' id='word_1_239' title='bbox 1085 3675 1151 3748; x_wconf 90' lang='lat' dir='ltr'><strong><em>His</em></strong></span> <span class='ocrx_word' id='word_1_240' title='bbox 1166 3675 1218 3748; x_wconf 86' lang='lat' dir='ltr'><strong><em>ita</em></strong></span> 
     </span>
    </p>
   </div>
   <div class='ocr_carea' id='block_1_11' title="bbox 9 3776 1223 4077">
    <p class='ocr_par' dir='ltr' id='par_1_11' title="bbox 9 3776 1223 4077">
     <span class='ocr_line' id='line_1_33' title="bbox 9 3776 1223 3875; baseline -0.004 -22"><span class='ocrx_word' id='word_1_241' title='bbox 9 3836 10 3841; x_wconf 65' lang='lat'>,</span> <span class='ocrx_word' id='word_1_242' title='bbox 120 3776 1223 3875; x_wconf 73' lang='lat' dir='ltr'><strong><em>gestishumiliatesuntviresSclavorum‚utreeognosoe—</em></strong></span> 
     </span>
     <span class='ocr_line' id='line_1_34' title="bbox 9 3875 1220 3976; baseline -0.003 -24"><span class='ocrx_word' id='word_1_243' title='bbox 9 3916 10 3919; x_wconf 37' lang='lat'>¹</span> <span class='ocrx_word' id='word_1_244' title='bbox 117 3887 217 3975; x_wconf 77' lang='lat' dir='ltr'><strong><em>rent,</em></strong></span> <span class='ocrx_word' id='word_1_245' title='bbox 237 3877 326 3976; x_wconf 90' lang='lat' dir='ltr'><strong><em>quia</em></strong></span> <span class='ocrx_word' id='word_1_246' title='bbox 339 3876 647 3953; x_wconf 86' lang='lat' dir='ltr'><strong><em>leofortissimus</em></strong></span> <span class='ocrx_word' id='word_1_247' title='bbox 660 3877 867 3954; x_wconf 88' lang='lat' dir='ltr'><strong><em>bestiarum</em></strong></span> <span class='ocrx_word' id='word_1_248' title='bbox 887 3879 934 3950; x_wconf 89' lang='lat' dir='ltr'><strong><em>ad</em></strong></span> <span class='ocrx_word' id='word_1_249' title='bbox 953 3875 1090 3948; x_wconf 89' lang='lat' dir='ltr'><strong><em>nullius</em></strong></span> <span class='ocrx_word' id='word_1_250' title='bbox 1106 3886 1220 3973; x_wconf 85' lang='lat' dir='ltr'><strong><em>pavet</em></strong></span> 
     </span>
     <span class='ocr_line' id='line_1_35' title="bbox 9 3975 1219 4077; baseline -0.005 -24"><span class='ocrx_word' id='word_1_251' title='bbox 9 4024 10 4073; x_wconf 45' lang='lat' dir='ltr'><strong>f</strong></span> <span class='ocrx_word' id='word_1_252' title='bbox 120 3977 356 4054; x_wconf 74' lang='lat' dir='ltr'><strong><em>occursum2.</em></strong></span> <span class='ocrx_word' id='word_1_253' title='bbox 381 3978 621 4054; x_wconf 80' lang='lat' dir='ltr'><strong><em>‚Pribizlarus</em></strong></span> <span class='ocrx_word' id='word_1_254' title='bbox 647 3978 774 4077; x_wconf 73' lang='lat' dir='ltr'><strong><em>igitur,</em></strong></span> <span class='ocrx_word' id='word_1_255' title='bbox 801 3976 862 4076; x_wconf 94' lang='lat' dir='ltr'><strong><em>qui</em></strong></span> <span class='ocrx_word' id='word_1_256' title='bbox 882 3987 964 4051; x_wconf 88' lang='lat' dir='ltr'><strong><em>erat</em></strong></span> <span class='ocrx_word' id='word_1_257' title='bbox 983 3975 1111 4051; x_wconf 88' lang='lat' dir='ltr'><strong><em>senior</em></strong></span> <span class='ocrx_word' id='word_1_258' title='bbox 1129 3986 1219 4048; x_wconf 85' lang='lat' dir='ltr'><strong><em>natu</em></strong></span> 
     </span>
    </p>
   </div>
   <div class='ocr_carea' id='block_1_12' title="bbox 121 4075 1219 4188">
    <p class='ocr_par' dir='ltr' id='par_1_12' title="bbox 121 4075 1219 4188">
     <span class='ocr_line' id='line_1_36' title="bbox 121 4075 1219 4188; baseline -0.005 -35"><span class='ocrx_word' id='word_1_259' title='bbox 121 4090 163 4188; x_wconf 87' lang='lat' dir='ltr'><strong><em>et</em></strong></span> <span class='ocrx_word' id='word_1_260' title='bbox 187 4079 284 4152; x_wconf 88' lang='lat' dir='ltr'><strong><em>acris</em></strong></span> <span class='ocrx_word' id='word_1_261' title='bbox 310 4079 474 4177; x_wconf 74' lang='lat' dir='ltr'><strong><em>ingenii,</em></strong></span> <span class='ocrx_word' id='word_1_262' title='bbox 506 4079 663 4178; x_wconf 89' lang='lat' dir='ltr'><strong><em>cupiens</em></strong></span> <span class='ocrx_word' id='word_1_263' title='bbox 694 4078 798 4181; x_wconf 82' lang='lat' dir='ltr'><strong><em>fratri</em></strong></span> <span class='ocrx_word' id='word_1_264' title='bbox 825 4077 971 4177; x_wconf 89' lang='lat' dir='ltr'><strong><em>captivo</em></strong></span> <span class='ocrx_word' id='word_1_265' title='bbox 1004 4075 1219 4174; x_wconf 74' lang='lat' dir='ltr'><strong><em>subvenire,</em></strong></span> 
     </span>
    </p>
   </div>
   <div class='ocr_carea' id='block_1_13' title="bbox 120 4199 1224 4378">
    <p class='ocr_par' dir='ltr' id='par_1_13' title="bbox 120 4199 1224 4378">
     <span class='ocr_line' id='line_1_37' title="bbox 120 4199 1224 4362; baseline -0.001 -75"><span class='ocrx_word' id='word_1_266' title='bbox 120 4231 205 4362; x_wconf 37' lang='lat' dir='ltr'><strong><em>a}</em></strong></span> <span class='ocrx_word' id='word_1_267' title='bbox 219 4249 302 4304; x_wconf 78' lang='lat' dir='ltr'><strong><em>supra</em></strong></span> <span class='ocrx_word' id='word_1_268' title='bbox 318 4251 379 4304; x_wconf 73' lang='lat' dir='ltr'><strong><em>cip.</em></strong></span> <span class='ocrx_word' id='word_1_269' title='bbox 391 4234 445 4299; x_wconf 69' lang='grc'><strong><em>49,</em></strong></span> <span class='ocrx_word' id='word_1_270' title='bbox 464 4253 489 4305; x_wconf 82' lang='lat' dir='ltr'><strong><em>p.</em></strong></span> <span class='ocrx_word' id='word_1_271' title='bbox 501 4234 573 4321; x_wconf 58' lang='lat'><strong><em>¹⁰²2</em></strong></span> <span class='ocrx_word' id='word_1_272' title='bbox 583 4244 639 4322; x_wconf 74' lang='lat' dir='ltr'><strong><em>not</em></strong></span> <span class='ocrx_word' id='word_1_273' title='bbox 658 4233 690 4296; x_wconf 70' lang='lat'><strong><em>4⁴,</em></strong></span> <span class='ocrx_word' id='word_1_274' title='bbox 706 4199 874 4304; x_wconf 67' lang='lat' dir='ltr'><strong><em>soracten·</em></strong></span> <span class='ocrx_word' id='word_1_275' title='bbox 892 4232 1107 4360; x_wconf 62' lang='lat' dir='ltr'><strong><em>qenesudtectos</em></strong></span> <span class='ocrx_word' id='word_1_276' title='bbox 1127 4233 1224 4286; x_wconf 79' lang='lat' dir='ltr'><strong><em>aean</em></strong></span> 
     </span>
     <span class='ocr_line' id='line_1_38' title="bbox 195 4303 1184 4378; baseline -0.007 -16"><span class='ocrx_word' id='word_1_277' title='bbox 195 4323 234 4362; x_wconf 86' lang='lat' dir='ltr'><strong><em>er.</em></strong></span> <span class='ocrx_word' id='word_1_278' title='bbox 254 4306 327 4361; x_wconf 79' lang='lat' dir='ltr'><strong><em>lutra</em></strong></span> <span class='ocrx_word' id='word_1_279' title='bbox 347 4308 364 4360; x_wconf 90' lang='grc' dir='ltr'><strong><em>Ι.</em></strong></span> <span class='ocrx_word' id='word_1_280' title='bbox 385 4307 418 4361; x_wconf 86' lang='grc' dir='ltr'><strong><em>ΙΙ.</em></strong></span> <span class='ocrx_word' id='word_1_281' title='bbox 439 4325 499 4378; x_wconf 73' lang='lat' dir='ltr'><strong><em>cip.</em></strong></span> <span class='ocrx_word' id='word_1_282' title='bbox 517 4307 623 4364; x_wconf 62' lang='grc' dir='ltr'><strong>9.,ιιιιί.</strong></span> <span class='ocrx_word' id='word_1_283' title='bbox 647 4307 726 4377; x_wconf 55' lang='lat' dir='ltr'><strong><em>‚all</em></strong></span> <span class='ocrx_word' id='word_1_284' title='bbox 743 4305 890 4362; x_wconf 64' lang='lat' dir='ltr'><strong><em>rrovenn-</em></strong></span> <span class='ocrx_word' id='word_1_285' title='bbox 914 4305 994 4360; x_wconf 78' lang='lat' dir='ltr'><strong><em>aloni.</em></strong></span> <span class='ocrx_word' id='word_1_286' title='bbox 1013 4303 1057 4376; x_wconf 83' lang='lat'><strong><em>30,</em></strong></span> <span class='ocrx_word' id='word_1_287' title='bbox 1075 4323 1099 4360; x_wconf 85' lang='lat' dir='ltr'><strong><em>r.</em></strong></span> <span class='ocrx_word' id='word_1_288' title='bbox 1121 4303 1184 4359; x_wconf 83' lang='lat'><strong>30.··</strong></span> 
     </span>
    </p>
   </div>
   <div class='ocr_carea' id='block_1_14' title="bbox 0 0 1504 4900">
    <p class='ocr_par' dir='ltr' id='par_1_14' title="bbox 0 0 1504 4900">
     <span class='ocr_line' id='line_1_39' title="bbox 0 0 1504 4900; baseline 0 0"><span class='ocrx_word' id='word_1_289' title='bbox 0 0 1504 4900; x_wconf 95' lang='lat' dir='ltr'><strong><em> </em></strong></span> 
     </span>
    </p>
   </div>
  </div>
 </body>
</html>
