3000 4900
160 416 407 515 ιιιιιιοιιιι
425 387 668 516 crinorum
686 439 954 581 suavonuu.
988 444 1073 518 uu.
1089 444 1129 519 ιι.
1182 452 1256 525 ιιι

160 664 233 737 que
256 639 326 713 fuit
351 665 467 740 super
494 641 663 715 comecia
681 642 888 738 διιιιιειιιί,
916 654 952 717 et
977 646 1147 743 possedit
1172 672 1257 721 eam

158 743 231 815 dux
249 743 295 813 de
309 752 436 815 cetero
450 745 594 840 absque
608 767 710 849 omni
702 742 1029 819 contradictione.
1062 749 1265 822 Conradus·

159 866 311 940 quoque
323 842 544 917 Lubiccnsis
567 839 769 942 epiecopus
788 844 1003 919 interventu
1022 846 1165 923 cesaris
1181 872 1258 923 me-

158 942 233 1016 rurt
242 942 418 1015 redirem
429 944 667 1041 parrochiam
682 969 806 1041 suam,
818 969 863 1019 ea
878 946 1022 1019 scilicet
1032 948 1258 1047 conditione,

159 1054 200 1119 ut
222 1044 343 1141 sopita
368 1044 480 1141 priori
503 1044 723 1142 obstinacia,
742 1046 939 1120 exhiberet
964 1047 1047 1122 duci
1067 1072 1139 1146 que
1158 1005 1258 1123 iustai
1318 1057 1320 1062 ’

51 1166 53 1170 ’
158 1154 258 1221 sunt
294 1145 513 1242 Potitusque
531 1145 680 1218 reditu
670 1170 707 1217 m
727 1146 848 1260 gratia
868 1146 987 1243 ducis,
1014 1158 1180 1223 mutatus
1200 1161 1258 1223 est

157 1244 328 1317 invirum
344 1245 515 1317 alterum
542 1244 677 1318 Didicit
692 1247 793 1319 enim
808 1245 845 1318 in
861 1246 921 1322 his
937 1272 1010 1345 que
1025 1250 1256 1363 ipsepassus

159 1356 229 1420 est
223 1345 415 1443 compati
435 1346 609 1418 fratribus
630 1347 709 1419 suis
730 1350 832 1419 etde
851 1358 978 1420 cetero
997 1349 1150 1447 pronior
1169 1375 1257 1425 esse

156 1446 194 1519 in
215 1415 458 1519 immanitatis
478 1444 613 1518 officio.
650 1447 801 1521 Clerum
821 1448 1064 1523 nihilominus
1085 1452 1258 1524 defensa-

106 1554 123 1584 “·
156 1547 249 1621 vita
269 1546 589 1619 circumventione
614 1545 826 1644 principum
846 1560 883 1622 et
898 1558 1111 1663 potentum,
1137 1552 1257 1650 preci·

156 1671 232 1746 pue
251 1670 339 1720 vero
368 1648 414 1720 de
442 1646 615 1720 manibus
638 1648 790 1721 Henrici
809 1650 922 1721 comit
925 1650 956 1723 is
972 1650 1166 1763 Thuringi⁷
1195 1654 1256 1750 qui

157 1769 229 1820 nec
249 1746 373 1820 Deum
395 1770 466 1820 nec
492 1747 667 1821 homines
686 1772 868 1823 reverens
889 1750 1108 1848 aspirabat
1098 1776 1135 1822 ιιι
1159 1755 1257 1824 bona

157 1850 409 1922 sacerdotum.

232 1948 326 2022 Cum
344 1958 472 2020 autern
492 1949 616 2023 omnis
634 1950 817 2022 bellorum
838 1958 977 2043 motus,
996 1960 1148 2025 auctore
1162 1952 1257 2050 Deo

156 2048 330 2122 rediret
321 2074 358 2121 m
385 2072 561 2121 serenam
589 2049 694 2146 pacis
720 2050 899 2147 quietem⁷
924 2050 1181 2126 Wedekindus
1210 2057 1256 2127 de

155 2148 391 2245 Dasenberg
398 2148 586 2222 recusavit
597 2174 753 2247 pacem,
781 2174 892 2247 quam
912 2150 1026 2225 locuti
1050 2164 1139 2225 sunt
1156 2154 1255 2251 prin-

158 2248 272 2347 cipes
299 2250 368 2321 Hic
383 2249 483 2322 enim
499 2254 544 2323 ab
560 2250 815 2323 adolescentia
832 2274 900 2323 sua
917 2251 962 2322 ad
978 2252 1119 2325 malum
1135 2264 1255 2327 stren-

155 2374 254 2423 nuus
265 2373 463 2448 ‚semper
491 2350 621 2421 militie
649 2374 761 2422 usum
788 2350 826 2421 in
853 2350 1005 2448 rapinas
1034 2353 1254 2428 detorserat

155 2449 231 2525 Sed
246 2475 295 2522 ne
310 2449 452 2522 malum
468 2462 612 2548 posset,
623 2454 720 2546 quod
734 2448 865 2546 votuit,
880 2451 984 2524 ducis
1000 2453 1254 2530 refrenatione

155 2551 280 2624 acrius
299 2554 508 2624 tenebatur.
552 2552 694 2647 Captus
721 2551 823 2624 enim
846 2552 1044 2648 aliquando
1065 2564 1103 2626 et
1119 2555 1157 2626 in
1178 2555 1255 2628 vin-

155 2652 238 2726 cula
251 2651 444 2724 coniectus
458 2649 573 2723 fidem
588 2653 755 2746 dederat,
771 2663 811 2724 ut
826 2655 871 2725 de
886 2662 1013 2726 cetero
1024 2663 1256 2753 temperaret

154 2776 177 2825 a
195 2751 338 2849 rapinis
358 2761 395 2824 et
413 2762 532 2826 staret
550 2754 595 2824 ad
615 2755 834 2825 mandatum
854 2750 958 2826 ducis
979 2753 1126 2828 sincero
1147 2760 1255 2830 obse·

155 2854 253 2950 quio.
279 2852 355 2926 Sed
374 2852 436 2924 ille
455 2851 656 2950 ingruente
671 2863 843 2950 tempore
859 2853 958 2950 betti,
975 2854 1253 2951 pollicitationis

62 2985 67 2993 ·
155 2952 358 3025 immemor
375 2953 411 3025 in
431 2955 565 3026 ducem
585 2953 759 3027 omnibus
779 2953 903 3026 acrius
919 2954 1074 3028 desevit.
1107 2958 1253 3032 Ceteris

153 3052 267 3152 igitur
290 3055 338 3126 —ad
364 3077 497 3152 pacem
522 3053 700 3149 reductis,
727 3053 828 3126 hunc
856 3053 1089 3152 singularem
1108 3057 1254 3131 ferum1

154 3157 228 3226 dux
247 3155 393 3229 obsedit
418 3153 455 3227 in
476 3163 601 3228 castro
619 3154 854 3252 Dasenbe'rg.
873 3153 878 3162 “
900 3155 974 3228 Sed
987 3169 1078 3229 'cum
1099 3182 1253 3233 ornnem

34 3344 36 3347 v
155 3254 358 3327 obsidionis
393 3265 431 3327 et
459 3255 720 3328 machinarum
750 3254 971 3330 ,violentiam
1004 3281 1113 3333 mons
1145 3260 1254 3332 altior

154 3354 343 3451 eluderet
377 3353 480 3427 misit
513 3356 585 3427 dux
618 3366 656 3428 et
678 3355 827 3429 vocavit
849 3354 950 3429 viros
977 3357 1181 3433 industrios
1207 3364 1253 3434 de

154 3453 466 3550 Rammelsberg²
467 3509 479 3552 ‚
504 3455 567 3552 qui
586 3456 766 3553 aggressi
784 3479 864 3540 rem
885 3454 1073 3531 difficilem
1095 3470 1133 3532 et
1149 3459 1254 3535 inau-

155 3555 282 3669 ditam,
302 3555 545 3668 perfoderunt
563 3557 710 3629 radices
729 3556 868 3629 montis
887 3557 1124 3657 Dasenberg,
1144 3571 1181 3634 et
1199 3562 1253 3634 in-

152 3656 292 3729 teriora
308 3655 446 3728 montis
462 3655 729 3730 collustrantes
740 3668 964 3755 repererunt
975 3669 1144 3757 puteum
1153 3665 1252 3736 unde
1294 3754 1295 3757 Ἴ

154 3755 349 3830 castellani
375 3754 598 3830 hauriebant
616 3781 762 3872 aquarn.
803 3756 886 3845 Quo
905 3762 1090 3872 obturato,
1116 3763 1255 3837 defecit

153 3882 249 3955 aqua
266 3856 496 3954 castellanis,
516 3868 553 3930 et
572 3857 802 3932 necessitate
817 3858 1253 3936 constrictusWedekin·

152 3960 222 4030 dus
249 3959 349 4031 dedit
375 3982 417 4031 se
442 3968 480 4031 et
499 3969 665 4034 castrum
683 3958 721 4032 in
742 3967 972 4073 potestatem
992 3961 1110 4059 ducis,
1136 3965 1253 4039 ceteri

152 4057 297 4132 dimissi
321 4058 483 4158 dispersi
502 4069 604 4157 sunt
631 4057 892 4158 unusquisque
913 4059 951 4132 in
971 4071 1111 4176 terram
1131 4087 1251 4140 suam.

154 4211 180 4281 1)
199 4212 369 4283 singulariter
389 4213 485 4278 lerum,
505 4214 712 4269 ferocissimum.
786 4211 815 4288 2)
835 4213 953 4271 loosorc's
972 4170 1101 4271 metallici
1118 4217 1252 4276 deltam·
1309 4249 1320 4268 ·

154 4286 314 4357 meloborg'
306 4303 334 4339 ιιι
353 4288 489 4342 montibus
507 4287 612 4342 Harti
589 4303 637 4344 cis
