3000 4900
271 396 342 469 156
395 380 639 468 Henn‘otol
657 382 900 469 curonlcn
919 394 1189 471 SLAVORUM
1220 394 1348 469 ulna

269 593 470 667 accersivit
507 594 691 667 domnum
734 593 941 667 Adrianurn
984 616 1124 708 papam
1165 594 1205 667 in
1249 604 1375 667 cestre

270 704 425 793 propter
448 693 777 792 participationem
809 694 954 769 consihi
964 694 1191 809 ,siquidem
1213 694 1374 769 Romani

270 818 410 893 pepnm
437 794 475 867 in
499 794 629 868 maltis
648 794 897 869 offenderant.
939 794 1122 869 Veniente
1139 794 1256 893 igitur
1274 819 1319 868 eo
1336 794 1376 869 in

274 905 421 992 caena,
451 918 521 967 rex
548 894 709 969 festinus
740 896 904 969 occirrrit
929 905 970 969 et
992 895 1177 969 decidenti
1205 898 1252 969 dc
1276 917 1377 992 equo

271 995 394 1069 tenuit
417 1006 587 1095 strepnm
612 996 792 1094 duxitque
817 1020 887 1095 per
910 1020 1064 1071 manum
1090 1020 1181 1069 eum
1197 996 1238 1068 in
1258 1005 1377 1069 tento·

272 1096 382 1169 rimu
431 1097 545 1170 Facto
578 1106 706 1169 antem
741 1096 914 1195 silentio,
946 1096 1094 1171 locutus
1128 1107 1188 1171 est
1214 1098 1374 1171 domnus

273 1196 618 1294 bavembergensis
644 1196 872 1296 episcopus¹
890 1202 1048 1271 verbum
1066 1221 1115 1271 ex
1134 1221 1200 1272 ore
1218 1197 1322 1295 regis
1340 1206 1380 1269 ct

274 1298 501 1397 principum,
519 1297 669 1370 dicens:
704 1297 970 1371 Honorabilem
996 1301 1204 1372 sanctitatis
1221 1305 1281 1371 tue
1293 1320 1378 1393 prc-

217 1396 220 1402 ’
275 1402 444 1496 emnam,
462 1398 663 1492 apostolice
675 1402 858 1494 pontifex,
875 1401 973 1473 sind
984 1398 1202 1471 iamdudum
1215 1401 1380 1473 sitienter

278 1500 577 1594 desideravimus,
604 1501 658 1571 ita
681 1522 778 1571 nune
804 1498 956 1571 letanter
979 1502 1210 1595 sincrpimus,
1235 1501 1380 1595 pretim

279 1607 425 1697 apodes
449 1602 611 1672 omnium
639 1599 819 1671 bonorum
844 1599 1014 1695 lorpitori
1031 1599 1121 1691 Deo,
1144 1603 1208 1697 qui
1232 1623 1301 1673 nos
1317 1598 1380 1673 de·

279 1701 387 1774 duait
402 1707 437 1771 et
452 1699 612 1771 addaeit
621 1702 659 1772 in
675 1700 772 1771 hune
784 1699 917 1796 locum,
937 1702 1239 1773 stercoratissimo
1252 1702 1379 1772 otsnc-
1480 1728 1482 1775 J

278 1804 376 1875 tione
392 1807 457 1872 tua
476 1799 607 1895 dmnos
624 1803 720 1886 fecit.
752 1798 888 1873 Notum
902 1802 1013 1895 ipitur
1029 1800 1095 1873 tibi
1112 1824 1188 1873 esse
1199 1803 1381 1895 cupimus,
1476 1794 1483 1823 '¹

280 1901 472 1976 reverende
493 1907 615 1995 pater,
651 1904 740 1997 quia
766 1904 886 1974 omnis
912 1900 975 1973 hcc
1003 1900 1155 1973 ecclesia
1177 1900 1223 1973 de
1248 1900 1381 1990 finibus

282 2003 381 2076 orbis
389 2007 542 2096 propter
554 2000 731 2073 honorem
747 2004 851 2096 repni
869 2000 1021 2074 collecta
1035 2000 1273 2073 adducerent
1278 2003 1381 2094 prin·

282 2107 396 2196 crpem
418 2124 526 2174 suum
551 2100 603 2171 ad
620 2108 723 2173 tuam
742 2101 1012 2197 beatitudinem,
1032 2100 1306 2195 provehendam
1328 2098 1383 2172 ad

282 2202 422 2275 culmen
448 2201 649 2294 imperialis
673 2201 842 2297 honoris,
872 2204 991 2274 virum
1025 2202 1213 2275 nobilitate
1240 2203 1386 2297 pencris
1487 2219 1488 2253 ι

282 2305 530 2398 conspicuam,
547 2305 661 2374 animi
672 2301 869 2395 prudentia
881 2305 1109 2398 instructum,
1126 2304 1289 2376 uictoriis
1300 2300 1384 2388 feli-
1488 2315 1489 2357 t

283 2428 379 2500 cem,
404 2410 572 2498 pretereo
595 2404 705 2476 etiam
729 2405 767 2476 in
789 2402 949 2500 hiisque
979 2402 1031 2475 ad
1059 2402 1176 2476 Deum
1203 2405 1387 2497 pertinent
1489 2411 1490 2443 ¹

277 2504 550 2600 prepollentem,
564 2504 835 2576 observatorem
846 2527 936 2577 sane
951 2504 1047 2600 fidei,
1062 2511 1268 2577 amatorem
1275 2505 1386 2598 paris

283 2613 319 2677 ct
341 2607 520 2700 ueritatis,
555 2603 733 2678 cultorem
764 2611 890 2676 sancte
922 2605 1086 2696 ecclesie,
1119 2629 1229 2699 super
1259 2605 1385 2676 omma

282 2730 369 2778 vero
400 2711 525 2777 sancte
556 2704 722 2777 Romane
753 2704 916 2800 ecclesie,
947 2729 1060 2802 quam
1086 2705 1321 2800 umpleaatur
1344 2711 1388 2775 ut

283 2810 449 2900 matrem,
468 2804 578 2877 nichil
593 2805 776 2900 neplipens
790 2828 917 2877 eorum
934 2829 1002 2901 que
1017 2805 1069 2877 ad
1081 2806 1256 2878 honorem
1267 2804 1336 2877 Dei
1349 2811 1387 2878 et

284 2906 539 3001 apostolorum
558 2908 735 3000 principis
762 2905 963 2978 cohibendo
986 2908 1171 2978 maiorum
1194 2906 1294 2977 iubet
1308 2912 1387 2977 tra·

159 3021 164 3028 '
284 3007 386 3080 ditio
421 3005 500 3078 Dat
513 3006 596 3078 huic
613 3009 666 3078 rei
683 3005 935 3078 credulitatem
959 3006 1147 3078 humilitas
1172 3029 1268 3096 nanc
1285 3003 1383 3077 erhi-

156 3113 160 3118 “
287 3107 372 3179 bita.
416 3106 610 3178 Emnwero
637 3109 831 3178 uenientem
864 3113 897 3178 te
922 3109 1082 3199 suscepit
1104 3105 1323 3200 intrepidus,
1350 3112 1390 3177 et

286 3207 480 3301 applicitus
497 3209 736 3278 sanctissimis
762 3208 920 3302 vcstipiis
942 3209 1015 3280 tuis
1032 3209 1121 3294 fecit
1137 3229 1181 3278 ea
1199 3229 1268 3303 quc
1285 3208 1386 3278 iusta

284 3315 381 3381 sunt.
408 3306 538 3379 Restat
552 3308 675 3402 ipitur,
693 3305 827 3381 domne
839 3314 960 3404 pater,
978 3314 1021 3380 ut
1037 3313 1073 3380 et
1088 3313 1128 3379 tu
1147 3309 1247 3378 circu
1264 3309 1386 3398 ipsum

282 3431 446 3503 pemrpas
477 3431 522 3479 ea
553 3431 622 3504 quc
646 3415 711 3480 tau
736 3414 839 3503 sunt,
874 3414 917 3479 ut
930 3431 976 3480 ca
997 3431 1069 3504 pac
1093 3407 1139 3479 dc
1161 3405 1389 3501 plenitudine

216 3576 220 3583 .
286 3509 457 3581 adminis
466 3507 667 3602 imperialis
680 3511 714 3580 ei
727 3507 860 3581 desunt
869 3532 935 3601 per
945 3509 1012 3580 Dei
1023 3511 1185 3603 pratiom
1199 3515 1261 3580 tuo
1278 3530 1390 3599 opere

285 3609 537 3703 suppleantur.
567 3610 620 3680 Ad
640 3609 710 3679 hec
728 3612 890 3681 domnus
908 3633 1006 3706 papa
1026 3608 1239 3706 respondit:
1272 3607 1389 3679 Verba

285 3718 382 3806 sunt,
391 3713 521 3805 frater,
537 3708 638 3806 quod
651 3708 821 3804 loqueris.
849 3708 961 3804 Dicis,
967 3711 1168 3802 principem
1184 3715 1287 3780 taum
1300 3728 1388 3779 con-

288 3810 439 3906 dipnam
457 3811 564 3882 beato
582 3809 690 3881 Petro
708 3809 910 3882 exhibuisse
927 3812 1172 3882 reuerentiam.
1209 3807 1285 3880 Sed
1301 3807 1390 3880 bea·

288 3920 347 3984 tus
366 3912 497 3983 Petrus
521 3913 640 4004 mopis
663 3909 807 3982 videtur
832 3910 1074 3983 inhonoratus
1083 3939 1097 4004 ,·
1126 3909 1277 4005 denique
1303 3931 1389 3980 cum

289 4013 476 4085 deuterum
491 4010 637 4084 deberet
646 4016 765 4083 tenere
778 4018 950 4106 shepam,
964 4013 1078 4083 tenuit
1088 4013 1286 4084 sinistram.
1306 4009 1390 4081 Hec

290 4138 375 4186 cum
404 4136 473 4210 per
499 4112 744 4213 interpretem
772 4113 852 4208 regi
873 4111 1047 4184 nunciata
1067 4109 1241 4206 fuissent,
1269 4107 1394 4182 humi-

291 4233 315 4299 1)
336 4230 519 4286 Eberhardus.
