3000 4900
170 434 420 512 HELMOLDI
439 432 682 509 CHRONlCA
701 430 969 506 SLAVORUM.
996 429 1085 504 LlB.
1101 430 1127 504 Ι.
1184 433 1228 506 15

133 651 258 739 patus.
291 639 491 727 Quondam
505 635 636 709 habuit
653 660 797 734 regem,
812 658 911 707 nunc
928 643 1054 707 autem
1073 630 1230 704 ducibus

134 744 378 839 gubernatur.
406 737 530 813 Servit
547 748 585 811 et
602 736 696 835 ipsa,
711 735 810 808 sicut
821 734 988 831 Boemia,
1007 735 1075 806 sub
1090 732 1228 804 tributo

133 840 379 939 imperatorie
418 837 617 912 maiestati.
687 836 755 909 Est
781 846 909 928 autem
938 833 1089 906 Polonis
1117 843 1230 930 atque

133 939 289 1016 Boemis
317 941 448 1014 eadem
468 962 659 1020 armorum
678 936 796 1010 facies
823 947 860 1010 et
886 934 1047 1009 bellandi
1072 957 1230 1025 consue-

133 1043 237 1114 tudo.
275 1041 458 1129 Quotiens
477 1038 577 1114 enim
597 1038 642 1110 ad
662 1048 816 1112 externa
830 1037 928 1110 bella
946 1045 1140 1129 vocantur,
1155 1035 1229 1105 for-

134 1153 194 1216 tes
214 1142 364 1240 quidem
383 1151 471 1212 sunt
487 1139 525 1213 in
539 1162 760 1240 congressu,
775 1138 840 1211 sed
860 1137 897 1210 in
915 1135 1056 1234 rapinis
1075 1146 1113 1209 et
1130 1159 1230 1206 mor·

134 1243 254 1316 tibus1
283 1241 547 1316 crudelissimi:
578 1264 653 1311 non
678 1237 931 1334 monasteriis,
955 1262 1030 1309 non
1058 1235 1230 1310 ecclesiis

94 1395 102 1408 ·
136 1354 203 1416 aut
228 1342 420 1416 cimiteriis
439 1350 608 1439 parcunt.
654 1339 727 1412 Sed
755 1364 825 1412 nec
852 1338 925 1410 alia
943 1337 1090 1410 ratione
1109 1347 1229 1410 extra·

136 1445 218 1518 neis
245 1443 354 1516 bellis
372 1442 630 1540 implicantur,
657 1439 727 1511 nisi
748 1437 1021 1512 conditionibus
1041 1435 1229 1533 admissis,

137 1555 180 1616 ut
196 1543 417 1640 substantie,
443 1566 536 1639 quas
563 1565 759 1614 sacrorum
783 1541 957 1632 locorum
978 1538 1086 1610 tuitio
1112 1537 1230 1611 valla·

135 1645 244 1742 verit,
266 1643 534 1743 direptionibus
552 1640 823 1740 publicentur2.
871 1640 976 1714 Unde
1004 1638 1117 1712 etiam
1142 1657 1229 1710 eon·

135 1745 260 1844 tingit,
287 1755 328 1818 ut
352 1754 506 1842 propter
532 1742 747 1815 aviditatem
770 1742 972 1838 predarum
990 1737 1229 1812 amicissimis
1255 1735 1257 1740 ’

137 1870 228 1944 sepe
254 1848 454 1917 abutantur
481 1854 522 1916 ut
547 1842 730 1938 hostibuS,
767 1845 813 1913 ob
841 1843 938 1939 quod
964 1839 1156 1913 rarissime
1182 1839 1227 1911 ad

137 1946 325 2044 quaslibet
349 1945 535 2018 bellorum
560 1943 807 2016 necessitates
835 1942 1104 2014 adsciscuntur.
1149 1940 1229 2012 Hec

136 2049 184 2120 de
197 2045 349 2119 boemis
368 2057 480 2143 atque
493 2043 644 2124 Polonis
662 2053 700 2117 et
718 2043 854 2117 ceteris
868 2041 1112 2118 orientalibus
1126 2039 1230 2113 Scla-

134 2147 192 2221 vis
211 2147 310 2220 dicta
327 2146 526 2219 sufficiant.

215 2250 248 2322 2.
278 2247 332 2320 De
349 2251 492 2320 civitate
507 2247 682 2318 Iamneia.
735 2259 796 2314 Uet
817 2261 929 2331 igitur
949 2259 1095 2314 rotenia
1121 2260 1228 2312 tinam

137 2348 241 2409 lacit,
263 2350 465 2417 pervenitur
484 2349 522 2400 ad
544 2345 733 2415 amplissimam
755 2345 912 2398 Sclatorutn
933 2344 1110 2414 provinciam,
1136 2359 1228 2394 eorum

136 2423 184 2493 qui
204 2423 351 2493 antiquitus
365 2419 507 2482 wandali,
528 2437 613 2473 nunc
633 2428 747 2473 autern
770 2417 915 2471 Winithi
940 2419 997 2471 sire
1012 2414 1113 2468 Winuli
1133 2415 1230 2485 appel-

135 2496 256 2548 lanturss.
283 2493 411 2548 Horum
432 2494 533 2564 primi
555 2502 634 2545 sunt
650 2490 848 2556 Pomorani,
868 2508 1008 2562 quorum
1028 2493 1131 2543 sedes
1152 2504 1230 2558 pro-

136 2572 332 2621 tenduntur
351 2585 461 2638 usque
482 2569 519 2619 ad
541 2563 718 2619 onerante
764 2564 823 2619 Est
842 2573 951 2617 autem
972 2560 1062 2615 Odera
1083 2562 1230 2613 ditissimus

136 2640 225 2694 amnis
244 2640 366 2693 Sclavicc
385 2640 500 2709 regionis
527 2649 554 2691 et
578 2639 710 2691 oritur'in
731 2638 939 2709 profundissimo
958 2636 1027 2689 saltu
1048 2635 1229 2697 Marnhorum,

165 2715 198 2766 ui
219 2714 353 2767 suntab
374 2714 515 2766 oriente
535 2709 689 2775 Boemie,
715 2714 760 2765 ubi
786 2721 813 2765 et
830 2710 910 2765 Albia
931 2711 1040 2763 sortitur
1060 2708 1229 2778 principium.

164 2804 195 2841 ee
216 2787 300 2856 longis
326 2788 358 2838 ab
384 2787 497 2839 invicem
524 2786 622 2839 distant
647 2784 760 2855 spaciis,
786 2786 834 2837 sed
865 2786 971 2837 diverso
995 2793 1107 2836 currunt
1133 2791 1230 2836 meatu.

134 2858 219 2914 Albia
239 2860 309 2912 onim
329 2860 357 2912 in
377 2874 499 2913 occasum
518 2876 608 2919 ruens,
635 2859 721 2928 primo
741 2860 841 2928 impetu
863 2856 978 2910 Boemos
997 2856 1075 2909 alluit
1093 2853 1231 2908 euerso·

135 2934 220 2995 rabis,
233 2932 321 2987 medio
335 2950 413 2985 rursu
426 2930 482 2985 Sel
491 2949 568 2985 aros
585 2930 687 2984 dirimit
699 2948 713 2984 a
728 2929 893 2993 Saxouibns,
910 2930 1055 2983 notissimo
1067 2928 1232 2982 flammem-

136 3007 299 3075 burgensem
313 3005 482 3075 parrochiam
501 3002 664 3057 dividens
683 3022 698 3057 a
715 3002 869 3065 Bremensi,
889 3004 974 3061 vietor
988 3020 1116 3055 oceanum
1136 3001 1231 3071 ingre-

136 3079 213 3132 ditur
231 3076 424 3133 Britannicum.
452 3078 530 3131 Alter
548 3078 661 3139 fluvius,
687 3077 715 3129 id
735 3086 775 3131 est
793 3075 898 3137 Odera,
925 3093 1036 3145 vergens
1063 3076 1090 3128 in
1110 3076 1231 3137 boream,

136 3152 233 3205 transit
252 3169 298 3223 per
315 3152 417 3205 medios
432 3150 604 3205 Winulorum
620 3150 749 3221 populos,
770 3150 891 3203 dividens
902 3148 1063 3212 Pomeranos
1080 3165 1094 3200 a
1109 3147 1231 3201 witzin.

137 3224 170 3278 ln
191 3224 266 3279 cuius
282 3227 359 3286 ostio,
379 3242 430 3297 qua
453 3220 655 3277 Balthicum
672 3224 749 3277 alluit
768 3223 950 3293 pelagus⁸,
970 3222 1141 3293 quondam
1162 3219 1231 3273 tuit

137 3298 305 3351 nobilissima
321 3298 415 3351 civitas
434 3296 567 3359 lumnam,
587 3308 708 3366 prestans
724 3296 927 3351 celeberrimam
946 3297 1087 3349 stationem
1110 3293 1230 3347 barbaris

138 3380 167 3427 et
180 3368 288 3437 Grecis,
308 3370 353 3444 qui
373 3380 435 3424 sunt
454 3369 619 3427 incircuitu.
651 3369 692 3423 De
712 3370 788 3423 cuius
805 3369 932 3440 preconio
948 3369 1031 3433 urbis,
1051 3366 1114 3438 quia
1135 3384 1230 3436 magua

138 3445 255 3516 quedam
275 3454 302 3497 et
320 3444 363 3497 rix
381 3442 522 3499 credibilia
540 3444 700 3513 recitantur,
720 3443 787 3498 libet
802 3443 892 3513 aliqua
908 3458 1128 3505 commemorare,
1149 3441 1231 3511 digna

137 3516 235 3571 relatu.
272 3515 356 3570 Fuit
379 3535 443 3571 saue
470 3517 583 3573 maxims
605 3516 724 3570 omniunt
744 3534 812 3587 quas
830 3514 939 3585 Europa
960 3515 1061 3567 claudit
1076 3514 1230 3579 civitatum,

137 3608 219 3662 quam
245 3589 366 3665 incolunt
383 3588 471 3644 Solari
491 3608 551 3643 oum
571 3590 631 3644 aliis
649 3590 772 3659 gentibus
797 3590 978 3659 permixtis
997 3586 1093 3643 Grecis
1117 3597 1145 3642 et
1164 3590 1232 3641 har-

136 3662 221 3718 haris.
249 3660 326 3725 ,Nam
346 3672 373 3717 et
390 3664 492 3717 advene
512 3662 632 3718 Saxones
651 3681 741 3733 parem
762 3662 933 3717 cohabitandi
957 3661 1093 3716 licentiam
1112 3678 1232 3731 acceps-

136 3744 218 3800 runt,
236 3733 258 3788 si
278 3744 407 3790 tanturn
421 3736 625 3790 christianitatis
645 3736 750 3789 titulum
769 3737 808 3791 ibi
823 3744 1020 3789 c'stttrnorsutes
1038 3750 1091 3787 non
1112 3732 1232 3804 puhli-

138 3818 289 3865 cassent.
331 3806 434 3883 Omnes
458 3809 528 3861 enim
559 3826 666 3883 usque
695 3810 733 3861 ad
757 3808 928 3863 excidium
955 3808 1108 3861 eiusdem
1134 3807 1230 3860 urbis

137 3882 275 3955 paganicis
300 3882 394 3936 ritibus
420 3884 589 3937 oberrarunt.
626 3879 750 3936 Ceterum
772 3883 891 3936 moribus
911 3891 936 3934 et
956 3880 1137 3952 hospitalitate
1155 3877 1229 3933 nulla

140 3992 166 4061 1)
186 3991 203 4044 i.
217 4009 242 4046 e.
261 3992 396 4045 caedibus.
470 3992 498 4062 2)
515 3994 661 4063 publicare,
681 3992 782 4062 publici
803 3981 870 4045 iuris
887 3992 991 4052 lacem
1010 3990 1060 4044 olr.
1079 3989 1149 4043 iutra
1168 3987 1230 4045 aa.

137 4064 166 4136 3)
186 4063 255 4119 Fere
274 4082 306 4119 ex
324 4063 423 4121 Atlanti
444 4066 461 4121 l.
481 4064 517 4119 ll.
536 4083 560 4119 c.
577 4064 618 4117 18.
684 4064 710 4131 4)
730 4062 811 4118 cont.
830 4066 898 4119 ibid.
913 4063 939 4117 ὀ.
962 4061 1004 4117 18.
1017 4062 1059 4116 te.
1133 4064 1159 4131 5)
1179 4059 1230 4115 ln-

137 4138 229 4193 didetn
244 4156 267 4191 c.
287 4137 333 4201 to,
354 4139 441 4193 verbis
460 4156 604 4210 parumper
620 4138 787 4264 transpositis
805 4149 886 4207 atque
904 4134 1060 4191 immutatis.
1116 4134 1143 4207 6)
1161 4136 1231 4191 Bal·
1311 4145 1314 4149 ’

136 4206 234 4338 {diff
256 4214 374 4335 ρθῖἱὸιμω.
402 4212 481 4283 Apud
507 4211 641 4266 Adamum
663 4210 681 4267 l.
708 4250 714 4265 .
741 4212 879 4281 Scythicae
900 4212 1029 4281 paludes,
1065 4209 1138 4264 conl.
1164 4209 1230 4265 ibid.

148 4321 155 4337 .
217 4302 267 4339 .c.
319 4324 326 4337 .
357 4324 363 4335 .
