3000 4900
274 483 344 558 132
398 477 649 552 HELMOLDI
667 477 914 553 CHRONICA
931 477 1200 553 SLAVORUM.
1221 477 1328 553 'Lib
1347 481 1375 553 Ι.

270 681 386 780 igitur
410 680 581 755 oratione
600 683 645 753 ad
663 681 801 776 Deum,
828 703 958 754 comes
984 679 1181 754 festinavit
1203 703 1375 778 pugnare

269 802 357 857 curu
374 783 433 856 bis
455 805 518 881 qur
509 781 741 854 transducti
757 782 919 877 fuerant,
936 780 1157 894 priusquam
1172 781 1373 856 universus

269 881 450 958 transiret
475 882 675 955 exercitus.
719 881 930 979 Statimque
956 879 1018 955 ubi
1045 881 1244 996 congressi
1273 893 1375 980 sunt

270 1006 402 1057 comes
421 1007 520 1097 equo
538 982 709 1056 deiectus
727 992 802 1078 est
822 992 860 1054 et
883 983 1036 1054 luerunt
1058 981 1092 1054 ei
1112 983 1276 1080 presidio
1299 987 1374 1056 duo

270 1082 429 1180 milites,
455 1083 517 1180 qui
544 1083 782 1156 sublevatum
810 1106 907 1195 equo
935 1082 1215 1156 restituerunt·
1235 1083 1280 1156 Et
1307 1084 1377 1156 fuit

268 1208 398 1282 pugna
416 1185 642 1279 vehemens,
661 1193 699 1256 et
715 1183 871 1256 victoria
887 1183 1061 1280 utrinque
1077 1183 1268 1280 ambigua,
1284 1207 1375 1280 quo·

271 1308 392 1383 usque
411 1308 507 1358 unus
527 1283 690 1381 partium
706 1283 855 1357 comitis
875 1283 1133 1381 proclamavit,
1154 1295 1194 1354 ut
1213 1283 1374 1382 poplites

270 1408 468 1483 equorum,
483 1408 577 1482 quos
592 1384 724 1458 hostes
739 1383 965 1481 insidebant,
979 1383 1126 1456 fortiter
1140 1385 1374 1458 cederentur.

268 1485 499 1584 Factumque
515 1494 587 1580 θεῖ,
606 1495 647 1557 ut
661 1485 881 1558 cadentibus
897 1485 1018 1582 equis‚
1033 1507 1209 1558 sessores
1225 1508 1374 1583 quoque

269 1585 414 1660 loricati
442 1586 732 1679 collaberentur‚
762 1584 973 1682 gladiisque
998 1595 1209 1658 nostratum
1228 1585 1373 1683 protriti

271 1697 369 1760 sunt.
412 1687 457 1758 Et
481 1685 614 1758 cecidit
631 1686 845 1782 Ethelerus‚
873 1684 987 1758 ceteri
1009 1685 1154 1758 nobiles
1175 1695 1240 1758 aut
1258 1685 1375 1759 occisi

249 1797 372 1881 sunt,
398 1798 462 1860 aut
488 1787 598 1884 capti.
641 1786 748 1874 Quod
767 1785 900 1860 videns
918 1809 985 1857 rex
1004 1809 1051 1858 ex
1070 1786 1188 1860 altera
1207 1783 1288 1884 ripa
1306 1785 1377 1859 flu-

271 1886 397 1983 minis,
417 1887 534 1984 etqui
553 1911 638 1960 cum
659 1911 704 1960 eo
724 1897 845 1983 erant,
863 1886 971 1984 petiit
988 1887 1118 1984 lugam
1139 1897 1177 1960 et
1194 1909 1373 1961 reversus
1485 1883 1489 1890 ’

271 1998 331 2062 est
341 1987 534 2062 Sleswich.
561 1988 684 2061 Sedet
699 2011 829 2060 comes
844 2010 1022 2060 reversus
1038 1998 1108 2083 est,
1119 1988 1243 2060 clarus
1259 1987 1375 2060 victo·

271 2087 339 2184 ria,
358 2088 503 2162 habens
520 2088 690 2187 captivos
709 2088 897 2185 insignes,
916 2111 1075 2184 quorum
1095 2087 1254 2186 pecunia
1274 2088 1375 2162 debi-

270 2188 323 2282 tis,
340 2188 418 2261 suis
438 2188 709 2286 aliquantisper
727 2187 926 2261 alleviatus
946 2197 1016 2260 est.

346 2289 558 2386 Habuitque
577 2292 623 2362 de
643 2300 770 2362 cetero
785 2288 1004 2386 precipuam
1018 2299 1118 2361 terre
1135 2312 1204 2362 sue
1218 2287 1376 2386 diligen·

271 2389 373 2463 tiam.
406 2389 590 2478 Quotiens
607 2390 709 2464 anim
722 2389 901 2463 motionis
916 2389 1055 2487 aliquid
1069 2389 1235 2463 insonuit
1249 2399 1313 2462 aut
1326 2391 1374 2464 de

270 2491 387 2565 Danis
407 2501 470 2563 aut
489 2494 535 2565 de
553 2491 714 2588 Sclavis,
739 2491 868 2565 statim
895 2490 1091 2564 collocavit
1110 2490 1315 2563 exercitum
1334 2490 1374 2563 in

270 2592 364 2664 locis
392 2592 635 2690 opportunis,
666 2592 841 2664 videlicet
872 2592 1187 2663 Travenemunde
1214 2591 1295 2663 sive
1326 2594 1375 2663 ad

269 2694 470 2789 Egdoram.
496 2691 736 2790 fueruntque
755 2701 935 2790 parentes
954 2694 1132 2765 mandato
1148 2691 1229 2764 eius
1240 2692 1374 2790 plebes

269 2792 527 2887 Holaatorum‚
553 2792 849 2866 Sturmariorum
875 2801 988 2889 atque
1007 2793 1375 2866 Marcomannorum.
1487 2828 1492 2841 -

270 2896 461 2966 Vocantur
486 2903 613 2965 autem
648 2894 787 2967 usitato
819 2916 925 2965 more
951 2892 1210 2965 Marcomanni
1235 2903 1374 2990 gentes

271 2996 521 3091 undecunque
549 2994 727 3091 collecte,
759 3017 832 3091 que
856 3016 1024 3065 maroam
1054 2994 1230 3066 incolunt.
1278 2993 1376 3066 Sunt

272 3104 402 3167 autem
419 3094 456 3165 in
475 3106 578 3167 terra
595 3095 818 3169 Sclavorum
838 3116 965 3166 marce
984 3094 1261 3192 quamplures,
1285 3118 1377 3192 qua·

271 3217 357 3266 rum
392 3217 469 3265 non
497 3192 628 3267 inlima
654 3205 783 3269 nostra
811 3194 1045 3308 Wagirensis
1080 3204 1141 3267 est
1165 3194 1375 3291 provincia,

271 3293 470 3369 habens
436 3318 537 3367 viros
556 3296 673 3369 fortes
692 3306 731 3369 et
749 3295 975 3369 exercitatos
1000 3294 1129 3393 preliis
1154 3305 1231 3367 tam
1251 3295 1377 3368 Dano-

272 3418 357 3467 rum
388 3419 502 3493 quam
526 3394 788 3469 Sclavorum1.
829 3395 953 3493 Super
976 3396 1046 3469 bos
1066 3419 1201 3468 omnes
1220 3397 1374 3469 functus

273 3504 335 3568 est
347 3518 477 3569 comes
492 3495 637 3569 honore
652 3496 825 3569 cometie.
848 3496 876 3567 F
878 3496 1025 3593 eritque
1040 3496 1221 3569 iustitiam
1235 3497 1376 3595 populo

274 3618 358 3692 suo,
373 3618 603 3692 comparans
623 3596 842 3669 dissidentia
860 3606 898 3670 et
916 3621 1123 3694 oppressos
1142 3597 1307 3670 liberans
1326 3599 1375 3670 de

274 3719 388 3769 manu
416 3696 681 3793 potentiorum.
724 3697 832 3770 Claro
864 3696 934 3769 fuit
959 3696 1128 3794 adprime
1152 3698 1376 3796 benevolus,

274 3820 388 3895 quem
412 3820 483 3870 nec
509 3796 552 3875 in⁴
574 3797 674 3869 lacto
699 3820 772 3869 nec
798 3801 835 3869 in
854 3800 971 3871 verbo
998 3822 1136 3896 passus
1162 3809 1224 3872 est
1242 3823 1262 3871 a
1283 3822 1376 3895 quo-

273 3920 389 3997 quam
409 3897 587 3971 iniuriari.
617 3898 777 3970 Multum
791 3921 881 3971 vero
899 3898 1038 3972 laboris
1051 3897 1222 3972 adhibuit
1234 3899 1271 3971 in
1287 3901 1377 3971 edo-

274 3996 424 4071 mandis
441 3998 643 4073 rebellibus
663 3998 926 4071 llolzatorum:
954 4023 1052 4096 gens
1081 4001 1179 4074 enim
1198 3999 1317 4072 libera
1336 4010 1378 4073 et

275 4098 484 4196 cervicosa,
502 4123 598 4197 gens
613 4098 777 4197 agrestis
789 4110 826 4174 et
837 4098 1015 4173 indomita
1027 4102 1260 4175 detrectabat
1274 4100 1377 4173 ferre

274 4201 406 4296 iugum
433 4200 551 4298 pacis.
591 4200 666 4275 Sed
699 4200 790 4274 vicit
819 4224 888 4276 eos
913 4200 1023 4275 altior
1048 4226 1187 4277 sensus
1211 4200 1301 4298 viri‚
1337 4212 1380 4275 et

276 4313 303 4387 l)
322 4316 349 4372 b.
368 4335 394 4372 a.
413 4336 475 4373 cum
494 4316 579 4373 Danis
599 4327 627 4373 et
645 4317 742 4374 Slaris.
