3000 4900
275 453 346 530 ios
380 410 1169 528 nannomrouuourousnnvonun.
1198 449 1285 526 ma.
1305 450 1332 526 1.

269 652 308 726 in
326 654 497 728 hostibus
515 652 692 728 temerari
711 652 934 752 patiuntur1.
971 653 1056 727 Fuit
1072 664 1247 750 preterea
1261 652 1364 726 Scla-

270 774 403 826 vorum
418 755 522 853 genti
537 756 738 828 crudelitas
758 755 936 853 ingenita,
957 755 1119 827 saturari
1138 755 1277 849 nescia,
1297 753 1365 824 im·

270 855 417 952 patiens
435 855 541 952 ocii²,
567 881 707 930 vexans
722 856 920 954 regionum
939 855 1149 929 adiacentia
1167 867 1268 929 terra
1287 878 1364 925 ma·

269 955 386 1051 rique.
432 955 581 1042 Quanta
601 957 699 1030 enim
718 956 898 1029 mortium
926 982 1066 1054 genera
1087 955 1286 1028 cristioolis
1311 953 1364 1026 in·

268 1056 434 1151 tulerint,
460 1057 581 1130 relatu
601 1057 753 1129 difficile
772 1067 840 1152 est,
866 1081 952 1130 cum
972 1057 1030 1129 his
1049 1057 1199 1153 quidem
1218 1055 1364 1129 viscera

268 1156 506 1252 extorserint,
532 1158 619 1255 palo
647 1157 983 1244 circumducentes
1009 1158 1078 1229 hos
1107 1156 1208 1228 cruci
1235 1155 1363 1228 aflixe-

268 1256 354 1353 rint,
381 1255 577 1331 irridentes
604 1257 755 1355 signum
774 1257 1042 1355 redemptionis
1061 1267 1200 1329 nostre.
1238 1255 1362 1330 Scele-

269 1356 479 1431 ratissimos
511 1357 610 1432 enim
639 1357 741 1430 cruci
774 1358 1016 1456 subfigendos
1048 1367 1262 1450 autumant,
1295 1379 1361 1430 eos

268 1468 396 1530 autem
411 1482 505 1555 quos
521 1458 690 1531 custodie
705 1458 921 1557 mancipant
936 1458 1095 1556 pecunia
1109 1458 1360 1552 redimendos,

266 1557 381 1630 tantis
394 1559 549 1631 torturis
568 1569 605 1633 et
618 1559 854 1632 vinculorum
873 1559 979 1634 nodis
999 1560 1179 1658 plectunt,
1199 1568 1239 1630 ut
1256 1557 1361 1656 igno·

267 1659 365 1730 ranti
381 1659 443 1731 vix
461 1658 671 1756 opinabile³
689 1660 747 1731 sit.

368 1762 427 1835 53.
463 1759 516 1833 De
534 1758 762 1849 edificatione
780 1758 987 1854 Seqeberch.
1047 1759 1142 1832 Cum
1168 1759 1283 1858 igitur
1308 1757 1361 1840 ine

267 1858 378 1931 clitus
409 1885 517 1933 cesar
551 1861 752 1933 Lotharius
780 1870 818 1933 et
850 1860 1164 1934 reverendissima
1199 1859 1360 1933 coniunx

267 1959 347 2033 eius
363 1959 526 2035 Rikenze
539 1961 691 2058 plenam
706 1986 798 2060 erga
811 1960 976 2033 divinum
990 1962 1134 2033 cultum
1149 1959 1359 2034 devotionis

265 2085 396 2133 curam
414 2073 601 2159 gererent,
621 2063 711 2134 adiit
729 2087 816 2135 eum
844 2062 1021 2134 sacerdos
1041 2060 1152 2133 Cristi
1170 2061 1359 2134 Vicelinus

265 2161 482 2234 Bardewich
510 2159 815 2259 consistentem⁴,
844 2172 881 2234 et
904 2162 1096 2260 suggessit
1122 2161 1167 2257 ei,
1198 2173 1238 2233 ut
1255 2161 1359 2233 Scla-

264 2286 399 2335 vorum
417 2263 519 2360 genti
538 2264 744 2337 secundum
765 2265 890 2334 datam
910 2262 978 2334 sibi
998 2262 1131 2335 celitus
1150 2262 1358 2359 potentiam

264 2363 415 2461 aliquod
443 2364 575 2439 salutis
594 2364 803 2438 remedium
822 2363 1045 2462 provideret.
1082 2363 1257 2436 Preterea
1275 2362 1358 2435 inti·

264 2464 381 2538 mavit
398 2464 444 2558 ei,
463 2465 551 2563 quia
579 2465 617 2537 in
634 2465 847 2565 Wagirensi
866 2463 1056 2562 provincia
1076 2488 1184 2537 mons
1203 2465 1358 2537 habere·

263 2576 325 2637 tur
350 2576 472 2663 aptus,
502 2565 562 2639 cui
589 2578 742 2665 propter
772 2566 929 2639 tutelam
958 2576 1058 2638 terre
1081 2566 1210 2663 regale
1237 2565 1359 2663 possit

264 2676 430 2738 castrum
449 2666 601 2765 imponi.
644 2670 740 2739 Nam
767 2678 805 2741 et
822 2667 992 2739 Kanutus
1013 2691 1079 2739 rex
1098 2664 1356 2737 Obotritorum

264 2767 355 2839 olim
382 2769 543 2841 eundem
570 2778 738 2841 montem
759 2766 1042 2864 occupaverat5,
1068 2766 1133 2839 sed
1152 2766 1261 2839 miles
1279 2766 1356 2838 illic

263 2868 410 2965 positus
428 2868 598 2941 immisso
624 2880 738 2941 noctu
762 2869 909 2941 latrone
935 2878 1067 2965 captus
1086 2877 1155 2963 est,
1183 2867 1269 2939 dolo
1297 2891 1355 2940 se·

263 2968 378 3041 nioris
404 2970 539 3063 Adolfi,
566 2970 769 3043 metuentis
794 2994 835 3042 se
863 2968 1063 3063 aKanuto,
1088 2966 1118 3039 si
1138 2969 1234 3040 forte
1253 2967 1354 3040 inva-

262 3069 435 3160 lesceret,
454 3070 565 3170 lacile
584 3095 697 3168 posse
715 3070 847 3168 premi.
883 3069 1093 3166 lmperator
1116 3093 1206 3166 ergo
1227 3067 1353 3141 audito

261 3170 469 3243 sacerdotis
483 3171 657 3267 prudenti
670 3170 841 3266 consilio,
850 3168 1059 3241 transmisit
1071 3168 1172 3241 viros
1186 3169 1354 3265 idoneos,

246 3270 324 3367 ·qui
344 3272 630 3367 specularentur
657 3268 902 3369 aptitudinem
927 3268 1077 3341 montis.
1123 3268 1354 3367 Certior'igi·

261 3381 323 3442 tur
340 3372 462 3443 factus
479 3371 600 3445 verbis
619 3372 853 3466 nunciorum,
869 3370 1091 3443 transmisso
1107 3369 1237 3443 amne6
1253 3370 1356 3443 venit

261 3471 456 3544 interram
476 3471 698 3545 Sclavorum
718 3473 763 3545 ad
783 3474 909 3544 locum
933 3470 1171 3551 destinatum.
1224 3470 1353 3543 Prece-

261 3572 388 3670 pitque
407 3573 508 3645 omni
528 3572 1034 3671 populoNordalbingorum,
1053 3580 1094 3643 ut
1113 3580 1354 3644 occurrerent

260 3675 306 3746 ad
326 3673 602 3747 edificationem
621 3673 777 3746 castelli.
830 3672 904 3746 Sed
930 3681 967 3745 et
994 3671 1181 3769 principes
1201 3670 1353 3744 Sclavo-

259 3799 344 3846 rum
374 3775 532 3848 aderant
564 3774 601 3846 in
633 3774 855 3871 obsequium
887 3771 1136 3869 imperatoriS,
1170 3772 1352 3844 facientes

259 3874 531 3973 operationem,
553 3877 618 3950 sed
637 3901 723 3948 cum
744 3873 875 3973 grandi
898 3872 1060 3969 tristitia,
1088 3897 1132 3946 eo
1153 3873 1250 3968 quod
1270 3896 1353 3944 sen-

257 3976 373 4049 tirent
403 3978 501 4049 clam
529 3976 597 4049 sibi
624 3975 798 4048 suscitari
830 3998 1058 4072 pressuram.
1109 3972 1212 4045 Dixit
1239 3972 1354 4071 igitur

260 4158 284 4219 l)
305 4157 406 4213 Eadem
427 4177 452 4212 v.
472 4178 495 4211 c.
509 4156 554 4211 83.
627 4158 655 4226 3)
676 4178 714 4211 sc.
734 4177 809 4228 gons.
882 4158 908 4227 3)
930 4156 960 4210 V.
981 4166 1034 4209 not.
1055 4157 1088 4208 ad
1109 4154 1188 4209 eta.
1275 4153 1301 4218 4)
1323 4163 1352 4207 ut

258 4231 364 4285 videtur
391 4232 480 4285 nredio
505 4250 539 4285 m.
560 4231 657 4286 Martio
680 4232 761 4295 1136;
786 4233 835 4285 cfr.
862 4229 1011 4297 [lemburg.
1037 4228 1256 4284 Urlnrnlenbueh
1276 4226 1307 4280 Τ.
1330 4224 1351 4283 l.

258 4324 284 4357 n.
302 4305 361 4358 152.
415 4307 463 4381 Ι5)
484 4304 515 4357 V.
535 4322 614 4375 supra
635 4304 748 4375 capdd.
824 4306 849 4373 ll)
868 4322 906 4356 sc.
927 4303 999 4358 Atti.
