3000 4900
151 455 402 530 HELMOLDI
420 457 665 540 cttttortlca
683 457 959 536 SLAVORUMs
977 455 1067 535 LlB.
1082 459 1109 539 l.
1163 464 1211 538 39

109 667 189 732 tate
208 657 378 756 insignis,
402 658 466 732 ille
485 657 650 757 inquam,
670 659 732 758 qui
750 659 1105 760 Bavenbergensem
1128 661 1210 734 fun·

110 757 213 832 davit
232 761 504 856 episcopatum,
533 770 570 832 et
593 785 685 858 erga
703 761 847 856 cultum
866 759 1111 834 ecelesiarum
1132 786 1209 834 am-

110 858 283 956 plissime
310 859 379 932 fuit
406 859 671 950 munificentie.
707 863 756 936 At
773 886 862 937 vero
883 885 980 934 anno
1000 861 1107 959 regni
1127 861 1208 947 eius

111 959 259 1034 decimo
279 969 451 1034 mortuus
475 971 533 1036 est
557 963 631 1034 dux
649 960 813 1036 Saxonie
830 961 959 1036 Benno
969 959 995 1058 ¹,
1021 963 1078 1035 vir
1105 952 1209 1034 omni

108 1059 298 1158 probitate
315 1061 541 1158 conspicuus
561 1072 598 1136 et
616 1072 794 1136 strenuus
814 1060 1061 1138 ecclesiarum
1081 1062 1206 1137 defen-

109 1170 225 1233 sator.
263 1161 379 1234 Cuius
397 1161 628 1260 principatus
647 1163 758 1236 heres
778 1162 899 1237 factus
919 1174 978 1237 est
994 1162 1207 1239 Bernardus

106 1259 209 1334 filius
229 1262 322 1357 ciue,
341 1263 470 1338 licata
488 1273 645 1360 paterna
663 1262 843 1338 felicitate
862 1263 1064 1338 diverterit.
1098 1279 1140 1334 Ex
1159 1281 1207 1334 ttto

107 1361 179 1413 enim
201 1369 320 1432 tempore
340 1380 393 1433 quo
415 1366 467 1416 dux
488 1364 647 1418 constitutus
667 1372 722 1427 est,
739 1364 767 1416 in
787 1363 838 1416 hae
858 1363 967 1431 regione
986 1381 1124 1435 nunquam
1144 1381 1208 1416 oes-

103 1435 176 1486 sarit
195 1435 328 1488 discordia
356 1444 386 1487 et
411 1430 634 1504 perturbatio,
661 1439 789 1508 quoniam
816 1437 868 1489 dux
892 1434 1024 1490 Heinrieo
1049 1436 1206 1506 imperatori

105 1505 239 1560 rebellare
259 1524 352 1569 ansus,
374 1517 454 1561 totam
474 1525 565 1562 seeum
585 1510 618 1561 ad
638 1510 825 1562 rutettandum
844 1509 929 1563 cesari
950 1509 1031 1562 ritorit
1051 1506 1205 1563 saxoniam.

106 1579 236 1634 Deinde
256 1598 367 1650 surgens
394 1582 421 1633 in
442 1579 576 1645 Cristum,
603 1599 694 1635 omnes
720 1583 849 1637 ecclesias
868 1581 987 1636 Sasonis
1011 1581 1106 1636 terruit
1125 1591 1206 1654 etque

105 1654 237 1717 turbavit,
258 1653 336 1706 illas
353 1655 517 1725 precipue
537 1672 602 1725 quc
622 1655 654 1708 in
671 1666 856 1711 memorata
873 1653 1076 1710 rebellione
1096 1657 1205 1725 ipsius

104 1726 247 1779 malicie
271 1727 460 1781 noluerunt
486 1727 670 1797 applicari.
706 1727 869 1782 Accessit
894 1728 946 1782 his
972 1728 1086 1789 malis,
1113 1731 1205 1799 quod

103 1801 197 1854 idem
225 1803 304 1861 dux,
334 1808 386 1852 tarn
413 1810 523 1870 paterne
550 1819 630 1869 quam
656 1803 726 1856 avite
753 1803 970 1864 devotionis,
997 1818 1096 1872 quam
1121 1819 1205 1870 erga

104 1871 247 1926 Salaros
267 1873 452 1937 habebant,
481 1875 621 1943 penitus
651 1876 798 1939 inmemor,
828 1884 934 1944 gentem
957 1872 1129 1926 Winulorum
1157 1891 1205 1943 per

102 1945 242 1998 avaritiam
272 1945 417 1999 crudeliter
445 1947 611 2017 opprimens,
641 1949 673 2000 ad
703 1947 888 2002 necessitatem
918 1947 1064 2016 paganismi
1089 1945 1204 2016 coegit².

103 2017 191 2072 Sane
217 2036 254 2070 eo
281 2028 428 2089 tempore
457 2019 649 2074 Seianorum
677 2021 827 2074 dominio
854 2020 952 2090 potiti
978 2028 1054 2073 sunt
1073 2017 1205 2072 Theodo-

103 2092 177 2144 rieus
203 2091 320 2144 marchio
342 2100 374 2144 et
404 2096 465 2146 dur
492 2091 701 2156 Bernardus,
731 2094 793 2147 illo
830 2094 963 2164 quidem
992 2091 1204 2167 orientalem,

102 2165 170 2218 isto
198 2165 442 2219 occidentalem
472 2166 668 2235 possidente
697 2167 920 2237 provinciam,
952 2183 1067 2237 quorum
1097 2165 1203 2237 ignaria

101 2255 194 2324 coegit
213 2254 324 2309 Selaros
343 2256 401 2308 beri
421 2258 599 2310 desertores³.
638 2240 763 2314 RudeS
791 2239 890 2314 enlm
919 2240 1040 2312 adhuc
1065 2238 1101 2311 ln
1128 2234 1202 2312 fide

102 2337 302 2436 gentilium
327 2338 501 2438 populos,
531 2363 626 2437 quos
653 2339 784 2438 optimi
803 2341 994 2438 quondam
1012 2339 1201 2437 principes

102 2464 191 2512 cum
211 2464 350 2538 magna
375 2435 530 2515 lenitate
550 2442 733 2538 foverant,
759 2452 1015 2541 temperantes
1034 2438 1201 2539 rigorem

102 2540 174 2613 biis
195 2565 356 2638 quorum
380 2540 604 2640 propensius
623 2542 846 2616 insistebant
866 2539 991 2633 saluti,
1015 2540 1077 2613 isti
1095 2551 1200 2614 tanta

102 2641 325 2715 crudelitate
352 2641 525 2715 insectati
553 2652 660 2741 sunt,
689 2653 730 2716 ut
757 2666 915 2717 excusso
943 2642 1096 2716 tandem
1123 2666 1201 2715 ser-

100 2741 229 2817 vitutis
249 2741 351 2841 iugo,
379 2742 593 2817 libertatern
613 2768 722 2817 suam
741 2745 855 2817 armis
875 2743 1075 2819 defendere
1090 2768 1202 2841 eoge-

8 2860 10 2869 ’
100 2852 241 2915 rentur.
282 2858 420 2933 Principes
440 2861 611 2916 Winnlcrum
639 2868 715 2917 erant
739 2861 865 2918 Mistiwoi
891 2872 918 2917 et
943 2860 1103 2933 Mimidrrg,
1126 2879 1201 2933 quo·

100 2978 160 3015 runt
181 2963 264 3013 ductu
284 2961 381 3015 seditio
401 2961 565 3017 inflammata
586 2966 653 3018 esst.
692 2956 889 3032 Sermo'igitur
907 2971 949 3017 est
973 2955 1011 3017 el
1027 2955 1200 3018 velerum

100 3043 317 3116 narratione
345 3044 558 3143 vulgatum,
591 3046 690 3141 quod
719 3046 819 3119 idern
847 3044 1018 3118 Mistiwoi
1045 3062 1198 3132 perstanti

8 3168 11 3205 ρ
99 3153 207 3212 neptem
237 3144 313 3196 ducis
343 3141 489 3214 Bernardi,
516 3146 617 3215 illeque
642 3146 775 3215 promisit.
829 3144 908 3198 Tunc
936 3146 1006 3199 idem
1034 3144 1198 3216 princeps

8 3214 23 3279 ,ii
97 3215 289 3277 winulorum,
314 3217 436 3270 rolens
463 3220 654 3289 sponsione
682 3220 764 3271 lieri
791 3219 931 3289 dignus.
952 3218 1111 3287 perrexit
1136 3235 1198 3271 enm

99 3290 170 3342 duce
197 3290 223 3343 in
248 3289 352 3343 ltaliam
377 3307 438 3343 eum
465 3292 601 3362 equitibus
628 3291 714 3353 mille,
744 3292 791 3362 qui
817 3309 910 3345 omnes
930 3291 987 3345 lere
1010 3291 1111 3345 ibidem
1136 3300 1199 3345 snut

8 3408 10 3421 ,
100 3362 248 3416 interlecti.
291 3360 415 3433 Cumque
434 3366 540 3417 rediens
564 3366 597 3417 de
623 3365 792 3433 expeditione
817 3365 963 3435 pollicitam
983 3363 1034 3417 sibi
1057 3364 1198 3417 mulierem

8 3450 10 3481 f
99 3444 251 3505 expeteret,
279 3434 464 3489 Theodericus
487 3437 606 3491 marchio
625 3438 766 3507 intercepit
785 3439 941 3503 consilium,
971 3438 1199 3508 consanguineam

8 3568 9 3571 ,
101 3526 176 3579 ducis
193 3526 361 3597 proclamans
387 3544 441 3580 non
467 3529 582 3582 dandam
609 3528 702 3582 cani⁵.
741 3511 824 3599 QUO
850 3510 914 3584 ille
941 3511 1081 3607 autlllo7
1107 3535 1197 3585 (tum

103 3716 127 3787 l)
145 3716 269 3773 Mortuus
286 3727 326 3772 est
342 3718 419 3773 tott.
438 3718 516 3775 Febr.
531 3720 556 3773 9.
568 3718 640 3775 Anu.
653 3719 852 3791 Quedlinburg.
866 3720 1036 3775 Hildesbem.
1109 3719 1137 3789 2)
1153 3721 1197 3775 Es

97 3793 285 3862 illo-coepit
303 3810 334 3845 ex
352 3789 451 3846 Adami
471 3792 489 3847 l.
510 3790 545 3848 ΙΙ.
567 3812 591 3849 c.
603 3794 648 3847 to.
670 3796 813 3848 verborum
833 3795 929 3847 ordine
948 3802 1058 3847 motato.
1114 3792 1141 3863 3)
1163 3792 1195 3845 V.

101 3864 243 3918 sobol.3l.
263 3868 297 3918 ad
318 3864 454 3919 Adam.·l.
475 3864 508 3919 ll.
528 3884 552 3918 c.
565 3865 613 3920 41,
740 3868 769 3937 4)
787 3865 1137 3937 Pnacipcs-inrlommota
1155 3872 1198 3922 ert

101 3946 164 3991 sunt
182 3940 262 3993 rerba
275 3936 376 3992 Adami
395 3939 413 3991 l.
428 3937 463 3993 ll.
483 3956 505 3991 c.
520 3938 568 4001 40;
587 3940 688 3994 collato
706 3939 766 4009 ipso
786 3948 859 3993 textu
876 3940 975 3993 codicis
988 3938 1014 3991 4.
1070 3938 1097 4009 b)
1116 3937 1194 3993 Haeo

103 4011 219 4063 narratio
239 4029 270 4064 ex
291 4010 433 4066 schotto,
459 4016 490 4065 ad
513 4012 610 4067 Adam.
631 4013 650 4067 l.
670 4011 705 4067 ll.
726 4012 798 4067 aas
824 4014 918 4066 iisdem
945 4014 1002 4067 lere
1027 4012 1117 4065 verbis
1141 4015 1195 4065 de·-

103 4093 220 4154 prompta
241 4093 283 4139 est
301 4085 409 4151 (Sermo
421 4116 453 4125 -
466 4088 605 4153 dandam).
636 4086 690 4141 Sed
710 4086 759 4139 ttto
778 4086 838 4139 loco
857 4085 982 4140 Mistirrci
1002 4103 1056 4139 non
1074 4084 1127 4138 sibi
1145 4086 1194 4139 sed

103 4155 156 4208 filio
175 4174 225 4211 ruo
242 4167 349 4226 neptem
371 4157 446 4211 ducis
466 4158 551 4225 petiit.
589 4157 668 4213 Haec
684 4160 776 4212 ,omnia
798 4158 938 4213 reserenda
967 4175 1026 4212 esse
1054 4161 1088 4213 ad
1107 4175 1193 4211 annos

104 4228 247 4283 ste-983
276 4230 330 4283 iam
356 4230 384 4283 in
409 4230 480 4284 notis
507 4232 539 4285 ad
559 4230 702 4285 Adamum·
718 4232 736 4285 Ι.
757 4250 781 4285 c.
802 4232 992 4292 indicarimus;
1021 4230 1071 4284 cir.
1096 4231 1193 4285 similia

102 4301 247 4375 paullisper
267 4304 406 4356 immutata
427 4305 453 4356 in
474 4302 575 4359 Chion.
596 4303 748 4377 Luneburg.
769 4322 811 4375 ap.
831 4304 984 4359 Massmann
1004 4322 1030 4375 p.
1046 4303 1109 4358 524.
