3000 4900
154 435 401 511 HELMOLDl
419 387 663 511 CHRONlCA
680 436 950 511 SLAVORUM.
976 438 1062 511 Llll.
1078 439 1104 514 1.
1160 442 1234 514 145-

129 639 187 710 bis
213 638 387 732 uftliqere.
431 636 525 708 Ecce
552 634 674 709 decem
700 638 789 711 anni
814 644 917 732 sunt,
953 656 1089 735 ecquo
1116 641 1229 713 vitum
1242 655 1319 710 1152.

129 761 249 811 meam
265 737 334 809 snb
346 738 591 829 professionis
604 736 711 809 huius
724 737 829 811 titulo
842 737 1017 830 protrahi
1034 742 1175 835 eoquod,
1194 748 1230 813 et

127 837 326 911 exauditus
342 860 436 931 snm,
453 859 550 920 nnnc
567 836 716 909 tandem
734 836 904 910 laborum
922 842 1063 935 requies
1080 840 1227 913 orando

128 938 269 1012 estb'
271 935 457 1025 tconfido
482 935 527 1009 de
552 936 642 1009 solit
626 944 666 1009 to
687 940 790 1031 picta
793 937 927 1034 teDei,
955 942 1043 1035 quia
1063 940 1227 1013 nechao

124 1042 297 1135 petitione
323 1037 546 1126 fundatior.
577 1038 849 1134 Augebantur
840 1038 952 1136 igitur
970 1040 1156 1114 torsiones
1175 1041 1229 1115 vi·

127 1140 293 1234 talium1
312 1161 383 1211 uec
401 1154 529 1211 tamen
548 1136 586 1209 in
605 1138 754 1211 delectu
772 1139 940 1237 corporis
957 1140 1065 1254 vigor
1078 1140 1227 1214 interio-

128 1243 179 1313 ris
211 1238 374 1311 hominis
408 1236 600 1311 emarcuit.
644 1239 882 1336 Completum
920 1251 977 1313 est
1008 1241 1045 1312 in
1069 1264 1112 1313 eo
1139 1242 1226 1315 illud

126 1337 385 1417 Salomonis³z
426 1338 548 1411 Fortis
574 1345 691 1411 estt
648 1346 691 1411 ot
715 1351 815 1412 mors
833 1339 990 1436 dilectio,
1016 1342 1167 1426 flumina
1195 1349 1231 1415 et

6 1471 9 1476 ⁴
127 1444 221 1515 uenti
246 1463 320 1513 non
332 1445 536 1531 potuerunt
552 1441 758 1534 celinquere
781 1463 871 1512 eom.
911 1441 952 1513 ln
972 1441 1156 1515 moriente
1175 1442 1227 1515 vi-

127 1547 241 1615 vebat
266 1541 425 1635 caritas,
452 1564 524 1637 que
549 1540 586 1611 in
614 1541 799 1613 exhausto
827 1564 983 1639 corpore
1015 1541 1228 1639 integrabat

126 1643 322 1737 affectum,
346 1643 596 1753 prebentem
594 1640 772 1715 fratribus
799 1642 975 1715 solatium
997 1645 1242 1741 demerem,

128 1740 363 1817 consilium
354 1766 392 1812 m
411 1745 523 1814 rebus
543 1731 744 1854 ambiguis,
768 1766 917 1815 morum
936 1741 1226 1841 edificationem,

127 1842 409 1941 imprimentem
428 1840 600 1915 cordibus
619 1842 827 1915 amicorum
841 1842 1049 1916 novissima
1064 1848 1224 1942 quedam

128 1942 386 2020 valedictionis
413 1940 587 2038 vestigia,
613 1966 807 2057 nunquam
829 1944 1021 2017 abolenda.
1054 1944 1128 2018 Sed
1154 1970 1225 2019 nec

94 2101 97 2107 .
126 2046 329 2118 immemor
349 2041 581 2115 dilectissimi
610 2042 727 2139 patris
747 2068 806 2115 sur
798 2042 993 2139 Vicelini‚
1022 2046 1181 2158 qrabat
1172 2072 1225 2117 m-

126 2146 217 2219 time
236 2144 318 2217 vias
341 2144 422 2215 eius
443 2143 559 2215 aDeo
573 2141 694 2239 dirigi
714 2167 782 2240 per
800 2144 899 2217 hunc
919 2144 986 2217 sibi
1008 2144 1105 2217 viam
1126 2148 1225 2220 salu·

126 2248 175 2319 tis
204 2256 244 2317 et
269 2268 377 2340 spem
402 2243 511 2340 regni
536 2244 766 2340 patefactam
791 2244 1007 2319 multotiens
1028 2258 1225 2343 congratu-

125 2350 221 2419 lans.
260 2349 449 2418 Venerunt
467 2342 580 2439 igitur
598 2346 645 2415 ad
665 2355 837 2440 egrotum
856 2345 1022 2418 fraterna
1049 2346 1223 2420 sollicitu-

125 2448 211 2523 dine
225 2444 328 2545 prior
345 2444 582 2518 Falderensis
602 2444 764 2519 ecclesie
782 2447 887 2543 Eppo
908 2457 944 2519 et
959 2446 1083 2520 Bruno
1100 2473 1224 2522 sacer·

127 2553 224 2661 dosq
260 2557 297 2621 et
336 2557 422 2644 post
456 2544 709 2617 visitationem
747 2547 994 2620 exbibuerunt
1031 2549 1071 2620 ei
1115 2573 1223 2622 sacre

126 2646 312 2722 unctionis
331 2645 506 2717 officium.
545 2645 626 2732 Quo
647 2647 912 2721 venerabiliter
927 2659 1120 2747 percepto,
1141 2675 1224 2748 par·

125 2747 340 2860 ticipatione
382 2744 647 2819 nichilominus
691 2746 826 2819 vivifici
871 2749 1038 2847 corporis
1075 2751 1223 2824 Domini

125 2847 402 2944 communitus
446 2847 759 2943 perseverabat
750 2873 787 2920 m
823 2849 1029 2945 gratiarum
1065 2850 1224 2925 actione.

124 2950 278 3023 Nocte
269 2947 383 3044 igitur
408 2971 480 3044 qua
500 2946 624 3044 vigilia
644 2957 888 3062 pentecostes
908 2954 1126 3048 obvenerat
1152 2954 1223 3026 hoc

121 3061 185 3125 est
206 3052 261 3124 16.
277 3049 352 3123 Cal.
370 3048 477 3143 lunii,
497 3047 683 3145 pervigil
674 3073 710 3121 ιιι
738 3049 920 3146 oratione,
941 3051 1141 3148 precibus
1132 3054 1224 3125 mvi·
1210 3072 1298 3128 ·tMa

124 3151 218 3224 tavit
259 3149 441 3262 angelos,
486 3147 668 3245 suffragia
712 3160 929 3223 sanctorum
972 3151 1224 3251 interpellavit
1246 3144 1287 3203 ¹⁷

124 3249 308 3363 omnium,
326 3249 476 3361 iamque
494 3252 696 3322 recedente
711 3251 851 3345 anima,
867 3255 1089 3326 movebatur
1102 3255 1225 3328 adhuc

124 3351 283 3449 lingua
274 3376 310 3422 m
330 3352 499 3422 oratione
519 3361 556 3421 et
576 3351 816 3423 confessione
836 3351 966 3425 laudis.
1000 3355 1030 3426 Ο
1051 3354 1225 3450 dignissi-

125 3476 231 3525 mum
246 3453 497 3546 sacerdotem,
518 3473 539 3521 o
555 3450 812 3546 gratissimam
828 3452 905 3524 Deo
921 3451 1105 3526 animam!
1132 3456 1224 3528 Feli-

124 3577 211 3626 cem
229 3550 410 3623 dixerim
401 3575 437 3621 m
458 3574 584 3645 cursu,
599 3553 666 3624 sed
685 3551 922 3625 feliciorem
913 3579 948 3624 rn
964 3556 1224 3654 perventione

124 3653 186 3751 qui
212 3651 425 3725 brevissimi
456 3650 594 3724 laboris
623 3651 845 3751 compendio
873 3657 971 3750 apud
999 3656 1119 3729 Deum
1147 3658 1225 3754 glo·

122 3756 220 3826 riam
255 3752 393 3826 meruit
426 3751 720 3848 sempiternam
755 3757 852 3850 apud
885 3754 1059 3830 homines
1095 3768 1224 3830 sancte

124 3852 398 3927 recordationis
417 3851 608 3924 affectum.

200 3956 260 4026 74.
286 3952 340 4024 De
356 3951 545 4046 sepultura
563 3952 733 4025 eusdem.
762 3999 766 4005 -
787 3953 905 4027 Huius
921 3955 1146 4031 venerabilis
1167 3983 1225 4031 sa-

123 4053 287 4128 cerdotis
301 4053 501 4126 transitum
516 4054 629 4150 longe
643 4063 730 4126 ante
744 4055 940 4151 predicere
958 4057 1226 4132 solebatLuth-

123 4158 254 4228 bertus
275 4155 402 4251 frater,
422 4155 483 4253 qui
502 4153 672 4228 militiam
692 4154 804 4229 huius
824 4157 942 4229 seculi
962 4158 1142 4232 servitute
1157 4162 1225 4236 Dei

122 4273 149 4344 1)
169 4273 187 4326 ἰ.
208 4291 232 4326 e.
253 4271 396 4327 viscerum.
470 4273 497 4337 2)
519 4270 917 4334 cantreciacensem.
959 4319 960 4323 ,

945 4353 993 4423 10
1116 4295 1162 4338 ⁹
