3000 4900
155 441 402 521 drimano!
420 428 662 520 CHRONICA
678 441 946 520 SLAVORUM.
974 441 1059 519 Liri.
1079 443 1102 516 Ι.
1160 443 1234 518 135

128 651 221 716 stro.
244 643 349 716 Unde
361 643 494 718 recidit
509 642 739 738 rit-amicitie,
754 667 827 740 que
844 653 923 722 ciet
937 641 1035 716 inter
1048 646 1228 718 domnum

129 742 337 816 Viceiioum
358 753 395 814 ot
408 743 584 816 comitem
603 754 788 838 nostram,
804 744 1153 841 deincepsturbsto
1167 745 1228 841 sit3

129 867 219 917 nem
245 853 358 916 antea
386 867 474 918 eum
500 855 540 916 ut
568 855 714 942 patrem
742 848 1002 921 venerabatur.
1055 842 1228 942 'iniitque

129 943 295 1018 decimes
314 965 449 1017 omnes
469 943 557 1018 enni
574 945 686 1040 idias,
704 968 778 1041 que
792 943 962 1042 pontifici
982 966 1079 1017 novo
1093 969 1228 1043 provo·

129 1044 209 1119 niro
237 1055 430 1142 poterant,
458 1069 530 1117 nec
553 1045 694 1120 dimisit
716 1069 763 1121 ex
791 1045 846 1119 eis
872 1069 1007 1142 parvas
1036 1045 1226 1143 reliquias.

126 1144 233 1218 'iuno
247 1145 335 1219 obiit
348 1145 550 1246 episcopas
565 1149 611 1220 ed
626 1149 778 1242 ducem,
790 1156 991 1243 rogaturus
1006 1146 1169 1242 veniam,
1189 1157 1228 1219 et

127 1256 331 1343 susceptus
359 1257 418 1318 est
443 1251 490 1322 ab
519 1271 563 1320 eo
589 1270 675 1320 curn
697 1247 842 1320 honore
862 1256 898 1320 et
916 1246 1139 1323 reverentia„
1179 1247 1227 1330 Et

127 1344 179 1417 ait
195 1349 270 1420 dux
289 1349 333 1418 ad
354 1370 457 1420 eum:
500 1345 659 1442 Dipaura
675 1346 822 1444 quidem
839 1348 922 1442 fuit,
940 1371 963 1420 o
982 1349 1158 1442 episcope,
1183 1354 1228 1420 ut

124 1469 191 1517 cos
206 1445 489 1520 persolutorem
503 1471 568 1520 nec
581 1450 787 1542 reciperem,
804 1472 845 1520 eo
863 1446 964 1546 quod
979 1471 1109 1522 uomere
1125 1446 1224 1522 istud

125 1568 183 1618 me
199 1546 406 1620 inconsulto
423 1550 664 1642 susceperitis.
697 1548 777 1644 Epo
795 1550 888 1622 euim
906 1548 1013 1622 iuius
1029 1551 1083 1620 rei
1100 1547 1222 1622 mode·

125 1652 235 1719 rator
262 1670 338 1720 ecee
365 1646 574 1744 debueram,
597 1651 757 1722 maaime
782 1651 819 1720 iu
844 1655 942 1722 terra
970 1671 1081 1745 paam
1095 1655 1222 1742 patres

127 1749 210 1842 mci,
233 1749 378 1834 favente
393 1747 485 1842 Deo,
510 1751 548 1824 iu
574 1747 688 1842 clipeo
707 1756 741 1822 et
752 1748 884 1844 plodio
902 1771 969 1821 suo
991 1748 1225 1822 obtinuerunt

125 1854 161 1920 et
176 1846 263 1922 midi
274 1846 540 1941 possidendam
555 1848 856 1922 hereditarerrmt.
891 1846 965 1921 Sed
981 1851 1069 1944 peria
1087 1853 1221 1922 saucti-

124 1953 183 2020 tas
199 1954 321 2020 vestra
333 1947 475 2030 dudum
488 1948 576 2022 midi
588 1956 774 2043 comperta
788 1955 850 2044 est,
866 1951 1117 2044 propem‘tores
1130 1971 1219 2046 quo-

123 2071 192 2143 que
217 2052 334 2122 nosti
355 2073 421 2122 ros
442 2050 490 2124 ab
511 2053 615 2122 initio
637 2049 778 2139 fidetem
792 2049 1052 2144 probaverunt,
1077 2047 1220 2134 decrevi
1305 2113 1307 2118 ,

122 2149 197 2219 iam
222 2172 315 2222 noae
338 2149 446 2223 deuius
470 2150 646 2246 oblivisci,
667 2153 959 2248 promotioeique
982 2156 1096 2222 cestre
1108 2148 1218 2244 pierio

122 2249 253 2334 favore
273 2274 502 2345 concurrere,
526 2251 664 2324 seilicet
679 2276 723 2324 ea
741 2251 959 2346 conditione,
985 2253 1018 2323 si
1035 2253 1218 2324 investitu-

122 2372 205 2421 ram
214 2351 455 2445 episcopalem
467 2350 512 2424 de
520 2375 634 2425 mauu
650 2376 732 2427 mea
745 2349 1108 2446 recipereooiueritis.
1134 2351 1217 2424 Hoc

121 2453 216 2523 errim
228 2460 342 2546 pacto
360 2477 418 2527 res
438 2460 553 2527 vestre
572 2478 783 2547 processum
799 2453 931 2525 tradere
946 2459 1128 2546 poterunt.
1173 2453 1220 2525 Et

120 2552 243 2624 uisum
255 2564 314 2627 est
327 2554 506 2652 episcopo
518 2559 674 2627 verbum
690 2554 935 2647 iiluddurum
947 2576 991 2625 eo
1003 2557 1100 2650 quod
1113 2564 1217 2627 esset

121 2664 248 2748 preter
263 2654 584 2727 consuetudinem.
617 2654 824 2752 Episcopos
838 2654 938 2727 enim
956 2653 1136 2727 investire
1156 2678 1216 2727 so·

118 2753 190 2826 lius
210 2754 450 2851 imperatorie
470 2756 679 2831 maiestatis
700 2766 770 2827 est.
815 2754 974 2842 Quidam
994 2754 1107 2851 igitur
1124 2753 1213 2829 fide-

118 2853 209 2925 lium
229 2856 348 2950 dacis,
366 2854 563 2928 Heinrioos
583 2859 629 2929 de
648 2854 809 2950 widrat
834 2855 890 2927 vir
909 2865 1044 2953 potens
1064 2865 1102 2927 et
1121 2855 1213 2927 mili·

118 2954 210 3027 taris
229 2965 266 3027 et
285 2955 429 3029 amicus
449 2955 630 3053 episcopi,
657 2954 747 3027 dixit
765 2959 810 3028 ad
832 2980 938 3028 eum:
973 2954 1097 3029 Facite
1114 2954 1214 3051 quod

116 3054 219 3128 vobis
236 3054 324 3128 ut'iie
336 3062 399 3151 est7
416 3063 451 3131 et
460 3060 752 3153 appropinquate
765 3054 901 3128 domno
914 3062 1041 3129 nostro
1056 3063 1092 3128 et
1101 3058 1213 3143 facite

114 3154 450 3252 voluntatemne,
476 3164 517 3230 ut
540 3157 749 3247 edificentur
776 3156 921 3230 ecclesie
949 3158 986 3231 ia
1004 3154 1154 3229 Salaria
1180 3164 1216 3229 et

115 3253 299 3351 diripatur
324 3257 442 3330 auidis
467 3257 598 3331 domus
617 3260 684 3331 Dei
700 3262 738 3331 in
755 3258 924 3332 marcidus
941 3258 1078 3331 vestris.
1114 3256 1212 3329 Adio-

116 3359 203 3451 quire
220 3358 464 3443 frustrabitur
482 3358 590 3431 tabor
606 3365 732 3455 aester,
752 3383 793 3432 eo
812 3358 912 3455 quod
929 3381 993 3433 uec
1012 3380 1127 3452 cesar,
1145 3381 1211 3429 uec

114 3456 410 3552 archiepiscopus
423 3462 545 3552 possit
560 3462 688 3531 iuvare
705 3459 859 3533 causam
877 3466 1047 3555 vestram,
1074 3457 1210 3531 domno

115 3580 194 3630 mco
222 3558 411 3631 obnitente.
451 3559 552 3632 Deus
568 3562 663 3631 euim
682 3558 784 3632 dedit
798 3561 830 3633 ei
848 3562 1054 3635 universam
1072 3565 1211 3632 terram

112 3656 220 3729 hanc.
271 3656 366 3748 Quid
391 3667 513 3733 autem
537 3659 679 3755 prande
702 3662 903 3756 requirite
927 3660 1028 3735 uobis
1052 3659 1210 3732 dorunus

113 3782 228 3852 meus,
250 3758 349 3855 quod
372 3759 475 3833 vodis
501 3767 569 3832 out
592 3759 756 3834 illicitum
780 3763 831 3833 sit
856 3766 922 3833 aut
945 3758 1210 3833 verecundum?

117 3858 211 3947 Quin
239 3862 365 3952 potius
399 3883 457 3933 res
491 3860 616 3947 facilis
650 3867 705 3933 est
737 3868 773 3934 et
804 3859 1009 3933 conduceres
1048 3862 1211 3947 fructuum

112 3982 300 4054 ruerpreura7
317 3966 360 4031 ut
374 3958 532 4033 domnus
549 3970 650 4033 meus
667 3963 830 4055 accipiat
844 3959 1025 4055 virpuiam
1043 3966 1079 4035 et
1094 3959 1153 4033 det
1171 3964 1230 4035 iu

110 4082 263 4131 inanum
276 4066 433 4133 veodam
440 4086 510 4155 pro
527 4063 860 4156 sipuoiaaestiture,
874 4064 1021 4158 sitisque
1035 4060 1211 4135 decetcro.

112 4211 137 4280 11
158 4211 307 4266 Heinricus
325 4217 358 4267 dc
378 4214 478 4276 wrthen,
500 4214 680 4269 ministerialis
701 4214 784 4278 ducis,
805 4214 921 4269 ooorirrit
940 4214 967 4269 in
989 4214 1078 4268 multis
1099 4213 1206 4279 chartis,

107 4302 134 4338 a.
156 4303 181 4355 g.
203 4286 274 4339 1162
291 4285 479 4357 Meidenborg.
499 4285 531 4342 U.
551 4286 583 4342 B.
598 4285 627 4342 ,1.
647 4307 673 4341 η,
693 4287 738 4343 74.
