3000 4900
234 440 281 512 14
332 433 582 510 HELMOLDI
600 432 845 508 CHRONICA
863 433 1130 510 SLAVORUlll.
1158 435 1246 510 LIB.
1265 435 1293 510 1.

231 637 361 712 mullls
374 637 608 710 naturalibus
621 635 729 709 bouis
743 633 890 733 prediti,
903 653 1089 707 humanissimi
1106 673 1188 726 erga
1204 672 1329 710 nessa-

231 739 372 792 aitatem
392 737 587 810 patientes,
616 737 663 808 qui
688 736 768 788 etiam
794 737 902 789 chriam
921 737 1034 789 tendunt
1054 736 1119 802 hiis,
1145 737 1191 808 qui
1210 737 1327 791 inmari

231 811 432 882 periclitantur,
461 810 504 864 rel
532 809 577 882 qui
603 827 616 862 a
641 808 936 881 piratis-infestantur,
966 817 999 861 et
1025 811 1238 864 subveniunt
1265 811 1327 865 eia.

144 939 145 946 ,
231 885 337 940 Aurum
357 892 385 938 et
403 893 542 952 argentum
561 901 610 952 pro
630 883 741 935 minimo
769 882 880 934 ducunt.
918 880 1038 935 Pellibus
1062 883 1220 937 habundant
1245 901 1329 953 pere-

232 956 337 1028 griuis,v
357 974 470 1027 quarum
489 956 558 1009 odor
577 955 711 1009 letiferum
732 964 824 1009 nostro
843 954 913 1008 orbiv
927 955 1053 1023 superbie
1072 972 1203 1009 venenum
1233 957 1330 1027 propi-

232 1030 316 1083 narit.
341 1027 377 1084 Et
393 1029 432 1082 illi
448 1029 558 1100 quidem
574 1029 612 1082 uti
628 1030 745 1082 stercora
762 1027 813 1082 hec
827 1028 943 1088 habent,
964 1028 998 1078 ad
1014 1037 1132 1082 nostram
1149 1031 1231 1083 credo
1247 1031 1330 1082 dam-

174 1110 177 1114 '
232 1103 402 1173 putationem,
426 1102 473 1172 qui
497 1102 531 1154 ad
555 1103 728 1154 marturinam
748 1110 849 1154 restem
869 1100 1026 1155 anhelamus
1046 1103 1123 1171 quasi
1143 1104 1175 1154 ad
1195 1120 1327 1156 summam

232 1176 435 1229 beatitudiuem.
475 1172 567 1246 ltaque
581 1191 629 1244 pro
642 1175 727 1228 laneis
746 1173 924 1237 indumentis,
943 1190 1011 1244 quos
1026 1191 1075 1227 nos
1088 1175 1255 1245 appellamus
1271 1176 1329 1228 lal-

233 1251 330 1311 dones,
356 1246 396 1300 illi
421 1247 541 1300 olieruut
565 1257 619 1300 tam
642 1248 779 1318 preciosos
799 1256 940 1300 martures.
976 1244 1062 1300 Multa
1088 1257 1249 1318 poterant
1274 1249 1328 1302 dici

231 1325 267 1375 de
294 1320 345 1374 hoc
364 1320 463 1390 populo
482 1320 627 1373 laudabilia
648 1321 675 1372 in
696 1320 829 1384 moribus,
847 1321 869 1371 si
890 1318 1021 1372 habereut
1039 1319 1123 1373 solam
1142 1321 1223 1374 iidem
1243 1319 1330 1375 Chri-

232 1395 280 1458 sti,
306 1393 383 1446 cuius
408 1392 588 1464 predicatores
613 1393 769 1447 immaniter
797 1401 982 1462 persecuntur.
1018 1390 1099 1463 Apud
1119 1395 1180 1448 illos
1200 1395 1329 1465 martyrio

232 1475 376 1520 coronatus
396 1475 436 1519 est
456 1465 566 1519 illustris
579 1463 690 1520 Boemie
708 1465 849 1535 episcopus
861 1463 1034 1519 Adelbertus.
1063 1464 1153 1539 Usque
1167 1467 1248 1521 hodie
1261 1486 1329 1537 pro-

232 1541 308 1593 lecto·
322 1539 391 1592 inter
406 1537 479 1603 illos,
500 1555 560 1592 cum
580 1547 666 1592 cetera
687 1539 776 1592 omnia
791 1538 943 1592 communia
962 1539 1016 1592 sint
1035 1557 1107 1592 cum
1127 1541 1236 1606 nostris,
1254 1541 1329 1594 solus

232 1612 392 1685 prohibetur
410 1628 534 1664 accessus
552 1610 676 1664 lucorum
695 1621 723 1664 et
742 1611 872 1675 sontium,
902 1629 970 1681 quos
990 1619 1131 1681 autumant
1149 1613 1233 1684 pollui
1253 1613 1330 1666 chri-

233 1685 379 1738 stianorum
394 1701 512 1738 accessu.
541 1681 642 1738 Carnes
656 1682 835 1737 iumentorum
850 1701 897 1752 pro
917 1685 978 1736 cibo
991 1694 1110 1749 sumunt,
1130 1704 1243 1757 quorum
1258 1686 1329 1740 lacte

233 1758 275 1811 rel
295 1774 392 1810 cruore
412 1765 522 1809 utuntur
541 1757 568 1810 in
589 1766 667 1826 potu,
697 1759 732 1810 ita
761 1766 790 1809 ut
814 1755 941 1809 inebriari
968 1757 1101 1811 dicantur.
1139 1757 1271 1812 Homines
1290 1759 1328 1813 hii

234 1829 349 1894 cerulei,
370 1828 440 1882 lac'ie
459 1830 543 1882 rubea
563 1839 589 1882 et
608 1830 706 1884 criniti.
744 1829 869 1882 Preterea
889 1830 1020 1883 inaccessi
1039 1831 1199 1902 paludibus,
1224 1832 1328 1885 nullum

233 1904 303 1958 iuter
321 1919 351 1956 se
370 1902 508 1956 dominum
529 1902 583 1972 pati
602 1902 721 1956 volunt¹.

308 1975 496 2074 Ungarica
514 2001 608 2073 gens
625 1973 856 2049 validissima
885 1976 1073 2072 quondam
1101 1977 1192 2051 etin
1212 1977 1329 2050 armis

235 2087 427 2173 strennua,
450 2075 523 2174 ipsi
546 2077 661 2150 etiam
687 2075 858 2148 ll'omauo
885 2076 1043 2174 imperio
1068 2078 1327 2152 formidolosa.

233 2178 330 2250 Nam
349 2186 436 2274 post
452 2177 649 2248 Hunorum
668 2186 780 2272 atque
798 2175 992 2249 Dauorum
1018 2179 1188 2276 strages²
1211 2178 1330 2252 tercia

234 2278 474 2376 Ungarorum
502 2277 645 2350 desevit
668 2275 825 2374 irruptio
834 2275 861 2374 ³,
888 2277 1013 2350 omnia
1031 2278 1191 2351 finitima
1209 2305 1329 2378 regna

233 2388 387 2454 vastans
402 2387 515 2476 atque
529 2377 722 2452 collidens.
742 2377 911 2452 Collecto
923 2377 1022 2453 enim
1037 2379 1209 2454 inmenso
1225 2405 1330 2455 exer·

236 2480 324 2578 citu,
342 2478 477 2553 bellica
503 2504 618 2553 mauu
645 2478 746 2553 omui
765 2479 935 2552 bawaria
960 2480 1039 2554 sive
1057 2480 1196 2555 Suevia
1219 2480 1329 2580 potiti

237 2591 341 2676 sunt3
365 2591 538 2677 preterea
562 2581 647 2653 loca
666 2580 770 2653 Reno
792 2580 971 2678 contigua
989 2582 1206 2679 depopulati
1224 2593 1328 2677 suut3

236 2680 441 2755 Saxoniam
460 2704 608 2777 quoque
634 2704 753 2777 usque
776 2681 821 2751 ad
847 2705 1055 2754 occeanum
1071 2681 1330 2755 Britannicum

235 2780 314 2879 igni
341 2791 453 2877 atque
479 2804 613 2853 cruore
645 2778 963 2879 compleveruntl.
1015 2782 1174 2869 Quantis
1201 2794 1336 2857 autem>

235 2881 508 2980 imperatorum
535 2880 724 2954 laboribus
753 2891 792 2955 et
816 2881 1009 2953 christiani
1040 2883 1226 2957 exercitus
1258 2884 1330 2956 dis·

236 2982 372 3081 pendio
391 2980 628 3055 subnervati⁵
645 2982 786 3056 fuerint
804 2992 842 3055 et
859 2982 992 3055 divinis
1010 2984 1156 3082 legibus
1172 2984 1329 3081 subacti,

235 3084 441 3155 multorum
455 3083 569 3155 habet
582 3081 715 3155 notitia
729 3094 767 3156 et
780 3084 929 3181 publice
942 3084 1148 3180 loquuntur
1160 3083 1328 3158 historie
1357 3167 1359 3173 ,

311 3181 481 3255 Karinthi
506 3182 675 3256 confines
702 3193 791 3255 sunt
806 3183 984 3281 bawaris,
1011 3184 1185 3259 homines
1205 3185 1328 3259 divino

236 3281 352 3357 cultui
371 3281 496 3380 dediti,
523 3307 594 3356 nec
621 3293 679 3357 est
697 3284 776 3356 ulla
793 3308 886 3381 gens
904 3285 1100 3358 honestior
1118 3295 1156 3359 et
1172 3285 1329 3359 incultu

235 3382 305 3458 Dei
325 3393 363 3457 et
380 3383 619 3457 sacerdotum
636 3385 880 3458 veneratione
898 3384 1079 3459 devotior.

311 3483 468 3557 boemia
493 3484 608 3557 habet
633 3508 765 3582 regern
793 3496 831 3559 et
851 3484 953 3559 viros
972 3486 1191 3583 bellicosos,
1216 3488 1330 3585 plena

236 3595 294 3658 est
321 3583 491 3658 ecclesiis
518 3595 554 3658 et
581 3584 766 3683 religione
785 3584 920 3659 divina.
972 3587 1014 3661 Iu
1032 3587 1126 3659 duos
1145 3586 1331 3661 distermi-

236 3696 347 3759 natur
366 3684 620 3785 episcopatuo,
638 3686 870 3785 Pragensem
888 3698 926 3761 et
943 3686 1247 3761 Olomucensem.

309 3782 436 3853 Pelopia,
459 3802 576 3857 magna
596 3783 802 3839 Sclarorum
826 3787 1025 3856 provincia,
1049 3788 1126 3841 cuius
1142 3789 1286 3842 terminum
1303 3788 1331 3842 in

117 3846 124 3859 .
173 3872 177 3880 '
236 3872 450 3946 llucieregnum
466 3874 726 3945 dicuntconnectii.
765 3860 813 3932 Et
829 3860 1003 3934 dividitur
1025 3861 1063 3934 ln
1083 3873 1168 3935 octo
1189 3861 1332 3960 episco-

237 3984 262 4053 Ι)
283 3987 361 4040 Pruzi
378 3986 496 4040 beminen
514 3985 695 4039 humanissimi
711 4014 749 4026 -
772 3990 831 4056 pati
847 3989 938 4043 uoluat
959 4005 991 4041 ax
1006 3987 1106 4041 Adami
1135 3988 1153 4042 Ι.
1174 3988 1223 4045 lV.
1243 4009 1268 4045 e.
1290 3989 1332 4046 18.

233 4058 263 4126 2)
282 4056 324 4112 lle
336 4056 426 4111 {lauis
440 4058 579 4129 prostratis
598 4059 631 4109 ab
645 4058 764 4113 Amulio
783 4078 847 4129 rsgs
865 4079 889 4117 r.
903 4061 1002 4116 Adami
1023 4061 1041 4116 l.
1061 4060 1082 4115 l.
1103 4079 1126 4117 c.
1141 4060 1186 4116 ts.
1243 4063 1269 4133 3)
1288 4068 1333 4117 im·

234 4134 321 4199 ruptio
336 4132 499 4201 Umerorum
512 4145 545 4183 ex
556 4129 655 4185 Adami
676 4132 694 4185 Ι.
708 4130 729 4187 Ι.
745 4151 769 4187 e.
784 4133 829 4187 52.
886 4134 912 4204 ΙΙ
934 4132 965 4186 V.
985 4134 1054 4187 inira
1069 4150 1127 4203 cap.
1135 4132 1162 4189 8.
1219 4136 1246 4206 5)
1265 4138 1333 4191 sab-

233 4208 341 4259 asruota'
356 4222 382 4261 r.
402 4204 483 4259 etiam
502 4220 562 4275 cap.
575 4204 609 4257 ts
627 4204 686 4261 init.
705 4223 765 4277 cap.
778 4206 824 4259 25.
953 4206 980 4278 6)
1000 4208 1151 4263 Paionia.—
1163 4216 1284 4265 conuecti
1300 4226 1333 4262 ex

167 4278 169 4283 '
234 4273 333 4333 Adami
352 4276 371 4331 l.
388 4273 435 4332 lV.
454 4294 479 4333 c.
495 4274 539 4332 13.
