<?xml version="1.0" encoding="UTF-8"?>
<!DOCTYPE html PUBLIC "-//W3C//DTD XHTML 1.0 Transitional//EN"
    "http://www.w3.org/TR/xhtml1/DTD/xhtml1-transitional.dtd">
<html xmlns="http://www.w3.org/1999/xhtml" xml:lang="en" lang="en">
 <head>
  <title>
</title>
<meta http-equiv="Content-Type" content="text/html;charset=utf-8" />
  <meta name='ocr-system' content='tesseract 3.04.00' />
  <meta name='ocr-capabilities' content='ocr_page ocr_carea ocr_par ocr_line ocrx_word'/>
</head>
<body>
  <div class='ocr_page' id='page_1' title='image "./helmoldipresbyt00pertgoog_0125.png"; bbox 0 0 3000 4900; ppageno 0'>
   <div class='ocr_carea' id='block_1_1' title="bbox 174 411 1234 552">
    <p class='ocr_par' dir='ltr' id='par_1_1' title="bbox 174 411 1234 552">
     <span class='ocr_line' id='line_1_1' title="bbox 174 411 1234 552; baseline 0 -38"><span class='ocrx_word' id='word_1_1' title='bbox 174 411 961 514; x_wconf 77' lang='lat' dir='ltr'>nutnomronromexsmvornn.</span> <span class='ocrx_word' id='word_1_2' title='bbox 991 433 1078 512; x_wconf 83' lang='lat' dir='ltr'>mu.</span> <span class='ocrx_word' id='word_1_3' title='bbox 1095 435 1120 512; x_wconf 92' lang='lat'>1.</span> <span class='ocrx_word' id='word_1_4' title='bbox 1151 439 1234 552; x_wconf 73' lang='grc' dir='ltr'>Ιιοτ</span> 
     </span>
    </p>
   </div>
   <div class='ocr_carea' id='block_1_2' title="bbox 139 638 1254 2750">
    <p class='ocr_par' dir='ltr' id='par_1_2' title="bbox 139 638 1254 2750">
     <span class='ocr_line' id='line_1_2' title="bbox 144 638 1247 740; baseline -0.002 -26"><span class='ocrx_word' id='word_1_5' title='bbox 144 642 274 740; x_wconf 67' lang='lat' dir='ltr'>bestie,</span> <span class='ocrx_word' id='word_1_6' title='bbox 293 639 481 716; x_wconf 84' lang='lat' dir='ltr'>cristianis</span> <span class='ocrx_word' id='word_1_7' title='bbox 497 638 606 713; x_wconf 90' lang='lat' dir='ltr'>valde</span> <span class='ocrx_word' id='word_1_8' title='bbox 624 638 761 713; x_wconf 85' lang='lat' dir='ltr'>infesti.</span> <span class='ocrx_word' id='word_1_9' title='bbox 802 640 1036 737; x_wconf 85' lang='lat' dir='ltr'>lnvaluitque</span> <span class='ocrx_word' id='word_1_10' title='bbox 1054 640 1092 712; x_wconf 94' lang='lat' dir='ltr'>in</span> <span class='ocrx_word' id='word_1_11' title='bbox 1106 638 1247 714; x_wconf 59' lang='lat' dir='ltr'>diebus*</span> 
     </span>
     <span class='ocr_line' id='line_1_3' title="bbox 145 737 1237 841; baseline -0.002 -27"><span class='ocrx_word' id='word_1_12' title='bbox 145 743 219 815; x_wconf 92' lang='lat' dir='ltr'>illis</span> <span class='ocrx_word' id='word_1_13' title='bbox 250 769 317 841; x_wconf 86' lang='lat' dir='ltr'>per</span> <span class='ocrx_word' id='word_1_14' title='bbox 350 743 565 816; x_wconf 88' lang='lat' dir='ltr'>nniversam</span> <span class='ocrx_word' id='word_1_15' title='bbox 596 741 784 814; x_wconf 80' lang='lat' dir='ltr'>Solariam</span> <span class='ocrx_word' id='word_1_16' title='bbox 815 741 1012 839; x_wconf 84' lang='lat' dir='ltr'>multiplex</span> <span class='ocrx_word' id='word_1_17' title='bbox 1039 737 1237 837; x_wconf 85' lang='lat' dir='ltr'><strong>ydolorum</strong></span> 
     </span>
     <span class='ocr_line' id='line_1_4' title="bbox 145 841 1238 940; baseline -0.004 -24"><span class='ocrx_word' id='word_1_18' title='bbox 145 844 293 918; x_wconf 88' lang='lat' dir='ltr'>cultura</span> <span class='ocrx_word' id='word_1_19' title='bbox 319 868 499 939; x_wconf 90' lang='lat' dir='ltr'>errorque</span> <span class='ocrx_word' id='word_1_20' title='bbox 521 841 843 939; x_wconf 82' lang='lat' dir='ltr'>superstitionum.</span> <span class='ocrx_word' id='word_1_21' title='bbox 879 843 973 916; x_wconf 84' lang='lat' dir='ltr'>Nam</span> <span class='ocrx_word' id='word_1_22' title='bbox 988 853 1114 940; x_wconf 90' lang='lat' dir='ltr'>preter</span> <span class='ocrx_word' id='word_1_23' title='bbox 1131 842 1238 914; x_wconf 85' lang='lat' dir='ltr'>lucos</span> 
     </span>
     <span class='ocr_line' id='line_1_5' title="bbox 146 942 1239 1043; baseline -0.004 -27"><span class='ocrx_word' id='word_1_24' title='bbox 146 955 258 1042; x_wconf 91' lang='lat' dir='ltr'>atque</span> <span class='ocrx_word' id='word_1_25' title='bbox 287 955 456 1043; x_wconf 61' lang='lat' dir='ltr'>penates³</span> <span class='ocrx_word' id='word_1_26' title='bbox 485 943 618 1040; x_wconf 90' lang='lat' dir='ltr'>quibus</span> <span class='ocrx_word' id='word_1_27' title='bbox 645 942 726 1040; x_wconf 82' lang='lat' dir='ltr'>agri</span> <span class='ocrx_word' id='word_1_28' title='bbox 753 953 790 1016; x_wconf 87' lang='lat' dir='ltr'>et</span> <span class='ocrx_word' id='word_1_29' title='bbox 815 942 951 1041; x_wconf 91' lang='lat' dir='ltr'>oppida</span> <span class='ocrx_word' id='word_1_30' title='bbox 968 943 1239 1036; x_wconf 70' lang='lat' dir='ltr'>redundabant,</span> 
     </span>
     <span class='ocr_line' id='line_1_6' title="bbox 146 1040 1240 1143; baseline -0.005 -26"><span class='ocrx_word' id='word_1_31' title='bbox 146 1045 257 1143; x_wconf 92' lang='lat' dir='ltr'>primi</span> <span class='ocrx_word' id='word_1_32' title='bbox 283 1056 322 1119; x_wconf 92' lang='lat' dir='ltr'>et</span> <span class='ocrx_word' id='word_1_33' title='bbox 338 1044 505 1142; x_wconf 82' lang='lat' dir='ltr'>precipui</span> <span class='ocrx_word' id='word_1_34' title='bbox 531 1053 639 1116; x_wconf 90' lang='lat' dir='ltr'>erant</span> <span class='ocrx_word' id='word_1_35' title='bbox 663 1043 781 1116; x_wconf 88' lang='lat' dir='ltr'>Prove</span> <span class='ocrx_word' id='word_1_36' title='bbox 809 1045 900 1117; x_wconf 88' lang='lat' dir='ltr'>deus</span> <span class='ocrx_word' id='word_1_37' title='bbox 920 1040 1240 1140; x_wconf 85' lang='lat' dir='ltr'>Aldenburgensis</span> 
     </span>
     <span class='ocr_line' id='line_1_7' title="bbox 146 1142 1241 1242; baseline -0.003 -26"><span class='ocrx_word' id='word_1_38' title='bbox 146 1157 259 1241; x_wconf 67' lang='lat' dir='ltr'>terre,</span> <span class='ocrx_word' id='word_1_39' title='bbox 274 1145 371 1220; x_wconf 89' lang='lat' dir='ltr'>Siwa</span> <span class='ocrx_word' id='word_1_40' title='bbox 390 1145 460 1218; x_wconf 90' lang='lat' dir='ltr'>dea</span> <span class='ocrx_word' id='word_1_41' title='bbox 475 1144 712 1239; x_wconf 71' lang='lat' dir='ltr'>Polaborum‚</span> <span class='ocrx_word' id='word_1_42' title='bbox 727 1143 908 1242; x_wconf 82' lang='lat' dir='ltr'>Radigast</span> <span class='ocrx_word' id='word_1_43' title='bbox 921 1145 1013 1217; x_wconf 90' lang='lat' dir='ltr'>deus</span> <span class='ocrx_word' id='word_1_44' title='bbox 1031 1155 1130 1218; x_wconf 88' lang='lat' dir='ltr'>terre</span> <span class='ocrx_word' id='word_1_45' title='bbox 1144 1142 1241 1216; x_wconf 90' lang='lat' dir='ltr'>Obo-</span> 
     </span>
     <span class='ocr_line' id='line_1_8' title="bbox 146 1243 1242 1319; baseline -0.003 -2"><span class='ocrx_word' id='word_1_46' title='bbox 146 1247 333 1319; x_wconf 88' lang='lat' dir='ltr'>tritorum.</span> <span class='ocrx_word' id='word_1_47' title='bbox 370 1246 450 1318; x_wconf 93' lang='lat' dir='ltr'>Hiis</span> <span class='ocrx_word' id='word_1_48' title='bbox 470 1244 581 1317; x_wconf 85' lang='lat' dir='ltr'>dicati</span> <span class='ocrx_word' id='word_1_49' title='bbox 600 1255 707 1318; x_wconf 90' lang='lat' dir='ltr'>erant</span> <span class='ocrx_word' id='word_1_50' title='bbox 721 1243 894 1318; x_wconf 88' lang='lat' dir='ltr'>flamines</span> <span class='ocrx_word' id='word_1_51' title='bbox 915 1255 951 1318; x_wconf 90' lang='lat' dir='ltr'>et</span> <span class='ocrx_word' id='word_1_52' title='bbox 970 1243 1242 1318; x_wconf 86' lang='lat' dir='ltr'>sacrificiorum</span> 
     </span>
     <span class='ocr_line' id='line_1_9' title="bbox 147 1343 1243 1443; baseline -0.005 -24"><span class='ocrx_word' id='word_1_53' title='bbox 147 1347 354 1420; x_wconf 88' lang='lat' dir='ltr'>libamenta</span> <span class='ocrx_word' id='word_1_54' title='bbox 371 1345 642 1442; x_wconf 80' lang='lat' dir='ltr'>multiplexque</span> <span class='ocrx_word' id='word_1_55' title='bbox 657 1343 851 1443; x_wconf 82' lang='lat' dir='ltr'>religionis</span> <span class='ocrx_word' id='word_1_56' title='bbox 870 1345 1004 1418; x_wconf 90' lang='lat' dir='ltr'>cultus.</span> <span class='ocrx_word' id='word_1_57' title='bbox 1040 1346 1154 1417; x_wconf 89' lang='lat' dir='ltr'>Porro</span> <span class='ocrx_word' id='word_1_58' title='bbox 1170 1343 1243 1416; x_wconf 88' lang='lat' dir='ltr'>sol-</span> 
     </span>
     <span class='ocr_line' id='line_1_10' title="bbox 141 1445 1245 1546; baseline -0.009 -21"><span class='ocrx_word' id='word_1_59' title='bbox 141 1447 388 1546; x_wconf 83' lang='lat' dir='ltr'>lempnitates</span> <span class='ocrx_word' id='word_1_60' title='bbox 407 1446 476 1518; x_wconf 92' lang='lat' dir='ltr'>diis</span> <span class='ocrx_word' id='word_1_61' title='bbox 491 1446 667 1518; x_wconf 86' lang='lat' dir='ltr'>dicandas</span> <span class='ocrx_word' id='word_1_62' title='bbox 686 1447 864 1518; x_wconf 86' lang='lat' dir='ltr'>sacerdos</span> <span class='ocrx_word' id='word_1_63' title='bbox 883 1445 986 1518; x_wconf 86' lang='lat' dir='ltr'>iuxta</span> <span class='ocrx_word' id='word_1_64' title='bbox 1005 1445 1164 1518; x_wconf 88' lang='lat' dir='ltr'>sortium</span> <span class='ocrx_word' id='word_1_65' title='bbox 1178 1469 1245 1516; x_wconf 91' lang='lat' dir='ltr'>nn·</span> 
     </span>
     <span class='ocr_line' id='line_1_11' title="bbox 147 1545 1246 1642; baseline -0.004 -22"><span class='ocrx_word' id='word_1_66' title='bbox 147 1559 230 1622; x_wconf 91' lang='lat' dir='ltr'>tum</span> <span class='ocrx_word' id='word_1_67' title='bbox 251 1547 462 1641; x_wconf 70' lang='lat' dir='ltr'>denunciat,</span> <span class='ocrx_word' id='word_1_68' title='bbox 489 1545 791 1642; x_wconf 89' lang='lat' dir='ltr'>conveniuntque</span> <span class='ocrx_word' id='word_1_69' title='bbox 817 1547 887 1619; x_wconf 88' lang='lat' dir='ltr'>viri</span> <span class='ocrx_word' id='word_1_70' title='bbox 905 1557 943 1620; x_wconf 92' lang='lat' dir='ltr'>et</span> <span class='ocrx_word' id='word_1_71' title='bbox 960 1545 1139 1620; x_wconf 88' lang='lat' dir='ltr'>mulieres</span> <span class='ocrx_word' id='word_1_72' title='bbox 1159 1568 1246 1619; x_wconf 86' lang='lat' dir='ltr'>curn</span> 
     </span>
     <span class='ocr_line' id='line_1_12' title="bbox 149 1646 1247 1747; baseline -0.006 -25"><span class='ocrx_word' id='word_1_73' title='bbox 149 1650 329 1747; x_wconf 63' lang='lat' dir='ltr'>parvulis</span> <span class='ocrx_word' id='word_1_74' title='bbox 357 1657 599 1743; x_wconf 88' lang='lat' dir='ltr'>mactantque</span> <span class='ocrx_word' id='word_1_75' title='bbox 624 1647 692 1718; x_wconf 91' lang='lat' dir='ltr'>diis</span> <span class='ocrx_word' id='word_1_76' title='bbox 717 1647 797 1718; x_wconf 89' lang='lat' dir='ltr'>suis</span> <span class='ocrx_word' id='word_1_77' title='bbox 823 1646 968 1719; x_wconf 89' lang='lat' dir='ltr'>hostias</span> <span class='ocrx_word' id='word_1_78' title='bbox 999 1649 1043 1720; x_wconf 90' lang='lat' dir='ltr'>de</span> <span class='ocrx_word' id='word_1_79' title='bbox 1070 1649 1190 1719; x_wconf 91' lang='lat' dir='ltr'>bobus</span> <span class='ocrx_word' id='word_1_80' title='bbox 1210 1653 1247 1716; x_wconf 93' lang='lat' dir='ltr'>et</span> 
     </span>
     <span class='ocr_line' id='line_1_13' title="bbox 139 1747 1247 1847; baseline -0.005 -25"><span class='ocrx_word' id='word_1_81' title='bbox 139 1750 297 1847; x_wconf 22' lang='lat' dir='ltr'>‘ovibus</span> <span class='ocrx_word' id='word_1_82' title='bbox 315 1748 483 1847; x_wconf 85' lang='lat' dir='ltr'>plerique</span> <span class='ocrx_word' id='word_1_83' title='bbox 503 1749 617 1820; x_wconf 89' lang='lat' dir='ltr'>etiam</span> <span class='ocrx_word' id='word_1_84' title='bbox 636 1748 681 1821; x_wconf 88' lang='lat' dir='ltr'>de</span> <span class='ocrx_word' id='word_1_85' title='bbox 700 1747 914 1820; x_wconf 92' lang='lat' dir='ltr'>hominibus</span> <span class='ocrx_word' id='word_1_86' title='bbox 934 1747 1133 1845; x_wconf 67' lang='lat' dir='ltr'>cristianis,</span> <span class='ocrx_word' id='word_1_87' title='bbox 1158 1768 1247 1843; x_wconf 87' lang='lat' dir='ltr'>quo-</span> 
     </span>
     <span class='ocr_line' id='line_1_14' title="bbox 151 1847 1249 1947; baseline -0.005 -25"><span class='ocrx_word' id='word_1_88' title='bbox 151 1876 237 1922; x_wconf 90' lang='lat' dir='ltr'>rum</span> <span class='ocrx_word' id='word_1_89' title='bbox 265 1849 449 1947; x_wconf 81' lang='lat' dir='ltr'>sanguine</span> <span class='ocrx_word' id='word_1_90' title='bbox 477 1849 569 1922; x_wconf 89' lang='lat' dir='ltr'>deos</span> <span class='ocrx_word' id='word_1_91' title='bbox 599 1872 691 1920; x_wconf 91' lang='lat' dir='ltr'>suos</span> <span class='ocrx_word' id='word_1_92' title='bbox 719 1848 897 1921; x_wconf 88' lang='lat' dir='ltr'>oblectari</span> <span class='ocrx_word' id='word_1_93' title='bbox 926 1848 1106 1922; x_wconf 88' lang='lat' dir='ltr'>iactitant.</span> <span class='ocrx_word' id='word_1_94' title='bbox 1160 1847 1249 1919; x_wconf 90' lang='lat' dir='ltr'>Post</span> 
     </span>
     <span class='ocr_line' id='line_1_15' title="bbox 152 1945 1248 2041; baseline -0.006 -17"><span class='ocrx_word' id='word_1_95' title='bbox 152 1976 280 2024; x_wconf 85' lang='lat' dir='ltr'>cesam</span> <span class='ocrx_word' id='word_1_96' title='bbox 300 1951 463 2021; x_wconf 90' lang='lat' dir='ltr'>hostiam</span> <span class='ocrx_word' id='word_1_97' title='bbox 489 1949 666 2021; x_wconf 87' lang='lat' dir='ltr'>sacerdos</span> <span class='ocrx_word' id='word_1_98' title='bbox 694 1949 740 2020; x_wconf 90' lang='lat' dir='ltr'>de</span> <span class='ocrx_word' id='word_1_99' title='bbox 768 1973 902 2022; x_wconf 89' lang='lat' dir='ltr'>cruore</span> <span class='ocrx_word' id='word_1_100' title='bbox 923 1949 1025 2041; x_wconf 61' lang='lat' dir='ltr'>libat,</span> <span class='ocrx_word' id='word_1_101' title='bbox 1046 1958 1086 2020; x_wconf 90' lang='lat' dir='ltr'>ut</span> <span class='ocrx_word' id='word_1_102' title='bbox 1103 1947 1152 2019; x_wconf 90' lang='lat' dir='ltr'>sit</span> <span class='ocrx_word' id='word_1_103' title='bbox 1170 1945 1248 2020; x_wconf 86' lang='lat' dir='ltr'>effi·</span> 
     </span>
     <span class='ocr_line' id='line_1_16' title="bbox 153 2045 1249 2147; baseline -0.004 -23"><span class='ocrx_word' id='word_1_104' title='bbox 153 2053 280 2124; x_wconf 88' lang='lat' dir='ltr'>cacior</span> <span class='ocrx_word' id='word_1_105' title='bbox 299 2050 462 2122; x_wconf 88' lang='lat' dir='ltr'>oraculis</span> <span class='ocrx_word' id='word_1_106' title='bbox 478 2049 731 2147; x_wconf 88' lang='lat' dir='ltr'>capescendis.</span> <span class='ocrx_word' id='word_1_107' title='bbox 766 2051 860 2121; x_wconf 87' lang='lat' dir='ltr'>Nam</span> <span class='ocrx_word' id='word_1_108' title='bbox 876 2051 1051 2122; x_wconf 87' lang='lat' dir='ltr'>demonia</span> <span class='ocrx_word' id='word_1_109' title='bbox 1065 2045 1249 2145; x_wconf 85' lang='lat' dir='ltr'>sanguine</span> 
     </span>
     <span class='ocr_line' id='line_1_17' title="bbox 153 2149 1251 2247; baseline -0.004 -23"><span class='ocrx_word' id='word_1_110' title='bbox 153 2153 303 2224; x_wconf 87' lang='lat' dir='ltr'>facilius</span> <span class='ocrx_word' id='word_1_111' title='bbox 321 2150 482 2246; x_wconf 67' lang='lat' dir='ltr'>invitari,</span> <span class='ocrx_word' id='word_1_112' title='bbox 509 2152 713 2222; x_wconf 89' lang='lat' dir='ltr'>multorum</span> <span class='ocrx_word' id='word_1_113' title='bbox 734 2149 861 2247; x_wconf 92' lang='lat' dir='ltr'>opinio</span> <span class='ocrx_word' id='word_1_114' title='bbox 881 2161 949 2224; x_wconf 90' lang='lat' dir='ltr'>est.</span> <span class='ocrx_word' id='word_1_115' title='bbox 1004 2149 1251 2228; x_wconf 88' lang='lat' dir='ltr'>Consumma-</span> 
     </span>
     <span class='ocr_line' id='line_1_18' title="bbox 154 2250 1253 2349; baseline -0.006 -24"><span class='ocrx_word' id='word_1_116' title='bbox 154 2255 203 2325; x_wconf 89' lang='lat' dir='ltr'>tis</span> <span class='ocrx_word' id='word_1_117' title='bbox 230 2254 334 2325; x_wconf 91' lang='lat' dir='ltr'>iuxta</span> <span class='ocrx_word' id='word_1_118' title='bbox 365 2276 511 2324; x_wconf 90' lang='lat' dir='ltr'>morem</span> <span class='ocrx_word' id='word_1_119' title='bbox 539 2250 745 2346; x_wconf 67' lang='lat' dir='ltr'>sacrifieiis,</span> <span class='ocrx_word' id='word_1_120' title='bbox 779 2251 941 2349; x_wconf 90' lang='lat' dir='ltr'>populus</span> <span class='ocrx_word' id='word_1_121' title='bbox 973 2251 1019 2322; x_wconf 89' lang='lat' dir='ltr'>ad</span> <span class='ocrx_word' id='word_1_122' title='bbox 1051 2251 1183 2348; x_wconf 89' lang='lat' dir='ltr'>epulas</span> <span class='ocrx_word' id='word_1_123' title='bbox 1215 2256 1253 2323; x_wconf 86' lang='lat' dir='ltr'>et</span> 
     </span>
     <span class='ocr_line' id='line_1_19' title="bbox 155 2348 1252 2453; baseline -0.005 -27"><span class='ocrx_word' id='word_1_124' title='bbox 155 2356 312 2453; x_wconf 88' lang='lat' dir='ltr'>plausus</span> <span class='ocrx_word' id='word_1_125' title='bbox 331 2351 571 2424; x_wconf 88' lang='lat' dir='ltr'>convertitur.</span> <span class='ocrx_word' id='word_1_126' title='bbox 606 2352 673 2422; x_wconf 85' lang='lat' dir='ltr'>Est</span> <span class='ocrx_word' id='word_1_127' title='bbox 691 2362 818 2424; x_wconf 90' lang='lat' dir='ltr'>autem</span> <span class='ocrx_word' id='word_1_128' title='bbox 833 2350 1055 2424; x_wconf 90' lang='lat' dir='ltr'>Sclavorum</span> <span class='ocrx_word' id='word_1_129' title='bbox 1071 2348 1252 2422; x_wconf 88' lang='lat' dir='ltr'>mirabilis</span> 
     </span>
     <span class='ocr_line' id='line_1_20' title="bbox 157 2451 1254 2550; baseline -0.005 -22"><span class='ocrx_word' id='word_1_130' title='bbox 157 2481 279 2528; x_wconf 86' lang='lat' dir='ltr'>error:</span> <span class='ocrx_word' id='word_1_131' title='bbox 303 2478 391 2527; x_wconf 87' lang='lat' dir='ltr'>nam</span> <span class='ocrx_word' id='word_1_132' title='bbox 410 2453 446 2524; x_wconf 95' lang='lat' dir='ltr'>in</span> <span class='ocrx_word' id='word_1_133' title='bbox 466 2452 645 2526; x_wconf 89' lang='lat' dir='ltr'>conviviis</span> <span class='ocrx_word' id='word_1_134' title='bbox 665 2463 702 2526; x_wconf 91' lang='lat' dir='ltr'>et</span> <span class='ocrx_word' id='word_1_135' title='bbox 725 2452 1067 2550; x_wconf 85' lang='lat' dir='ltr'>compotationibus</span> <span class='ocrx_word' id='word_1_136' title='bbox 1093 2451 1171 2524; x_wconf 85' lang='lat' dir='ltr'>suis</span> <span class='ocrx_word' id='word_1_137' title='bbox 1192 2475 1254 2548; x_wconf 91' lang='lat' dir='ltr'>pa·</span> 
     </span>
     <span class='ocr_line' id='line_1_21' title="bbox 156 2551 1253 2649; baseline -0.005 -21"><span class='ocrx_word' id='word_1_138' title='bbox 156 2567 279 2629; x_wconf 89' lang='lat' dir='ltr'>teram</span> <span class='ocrx_word' id='word_1_139' title='bbox 299 2555 579 2647; x_wconf 71' lang='lat' dir='ltr'>circumferunt,</span> <span class='ocrx_word' id='word_1_140' title='bbox 597 2553 635 2625; x_wconf 92' lang='lat' dir='ltr'>in</span> <span class='ocrx_word' id='word_1_141' title='bbox 653 2578 767 2649; x_wconf 87' lang='lat' dir='ltr'>quam</span> <span class='ocrx_word' id='word_1_142' title='bbox 792 2554 1002 2649; x_wconf 65' lang='lat' dir='ltr'>conferunt,</span> <span class='ocrx_word' id='word_1_143' title='bbox 1028 2577 1102 2625; x_wconf 92' lang='lat' dir='ltr'>non</span> <span class='ocrx_word' id='word_1_144' title='bbox 1131 2551 1253 2624; x_wconf 89' lang='lat' dir='ltr'>dicam</span> 
     </span>
     <span class='ocr_line' id='line_1_22' title="bbox 159 2651 1254 2750; baseline -0.004 -21"><span class='ocrx_word' id='word_1_145' title='bbox 159 2653 454 2730; x_wconf 87' lang='lat' dir='ltr'>consecrationis</span> <span class='ocrx_word' id='word_1_146' title='bbox 485 2655 550 2726; x_wconf 91' lang='lat' dir='ltr'>sed</span> <span class='ocrx_word' id='word_1_147' title='bbox 579 2654 827 2727; x_wconf 87' lang='lat' dir='ltr'>execrationis</span> <span class='ocrx_word' id='word_1_148' title='bbox 854 2656 980 2750; x_wconf 69' lang='lat' dir='ltr'>verba,</span> <span class='ocrx_word' id='word_1_149' title='bbox 1006 2656 1074 2726; x_wconf 92' lang='lat' dir='ltr'>sub</span> <span class='ocrx_word' id='word_1_150' title='bbox 1102 2651 1254 2725; x_wconf 88' lang='lat' dir='ltr'>nomine</span> 
     </span>
    </p>
   </div>
   <div class='ocr_carea' id='block_1_3' title="bbox 42 2754 1253 2852">
    <p class='ocr_par' dir='ltr' id='par_1_3' title="bbox 42 2754 1253 2852">
     <span class='ocr_line' id='line_1_23' title="bbox 42 2754 1253 2852; baseline -0.003 -24"><span class='ocrx_word' id='word_1_151' title='bbox 42 2808 45 2811; x_wconf 84' lang='lat'>-</span> <span class='ocrx_word' id='word_1_152' title='bbox 159 2760 329 2852; x_wconf 61' lang='lat' dir='ltr'>deorum,</span> <span class='ocrx_word' id='word_1_153' title='bbox 345 2755 433 2827; x_wconf 91' lang='lat' dir='ltr'>boni</span> <span class='ocrx_word' id='word_1_154' title='bbox 451 2754 595 2828; x_wconf 86' lang='lat' dir='ltr'>scilicet</span> <span class='ocrx_word' id='word_1_155' title='bbox 614 2765 725 2851; x_wconf 91' lang='lat' dir='ltr'>atque</span> <span class='ocrx_word' id='word_1_156' title='bbox 743 2754 846 2851; x_wconf 66' lang='lat' dir='ltr'>mali,</span> <span class='ocrx_word' id='word_1_157' title='bbox 862 2779 1014 2829; x_wconf 90' lang='lat' dir='ltr'>omnem</span> <span class='ocrx_word' id='word_1_158' title='bbox 1033 2776 1253 2852; x_wconf 90' lang='lat' dir='ltr'>prosperam</span> 
     </span>
    </p>
   </div>
   <div class='ocr_carea' id='block_1_4' title="bbox 124 2854 1265 4160">
    <p class='ocr_par' dir='ltr' id='par_1_4' title="bbox 124 2854 1265 4160">
     <span class='ocr_line' id='line_1_24' title="bbox 159 2854 1256 2952; baseline -0.005 -22"><span class='ocrx_word' id='word_1_159' title='bbox 159 2858 351 2930; x_wconf 86' lang='lat' dir='ltr'>fortunam</span> <span class='ocrx_word' id='word_1_160' title='bbox 376 2858 514 2927; x_wconf 93' lang='lat' dir='ltr'>abono</span> <span class='ocrx_word' id='word_1_161' title='bbox 539 2857 622 2952; x_wconf 69' lang='lat' dir='ltr'>deo7</span> <span class='ocrx_word' id='word_1_162' title='bbox 649 2857 888 2930; x_wconf 86' lang='lat' dir='ltr'>adversama</span> <span class='ocrx_word' id='word_1_163' title='bbox 914 2856 1016 2927; x_wconf 89' lang='lat' dir='ltr'>malo</span> <span class='ocrx_word' id='word_1_164' title='bbox 1044 2854 1153 2952; x_wconf 80' lang='lat' dir='ltr'>dirigi</span> <span class='ocrx_word' id='word_1_165' title='bbox 1171 2877 1256 2951; x_wconf 90' lang='lat' dir='ltr'>pro·</span> 
     </span>
     <span class='ocr_line' id='line_1_25' title="bbox 159 2952 1257 3053; baseline -0.005 -22"><span class='ocrx_word' id='word_1_166' title='bbox 159 2958 322 3032; x_wconf 89' lang='lat' dir='ltr'>fitentes.</span> <span class='ocrx_word' id='word_1_167' title='bbox 374 2956 480 3029; x_wconf 92' lang='lat' dir='ltr'>Unde</span> <span class='ocrx_word' id='word_1_168' title='bbox 498 2956 613 3029; x_wconf 90' lang='lat' dir='ltr'>etiam</span> <span class='ocrx_word' id='word_1_169' title='bbox 632 2956 775 3028; x_wconf 86' lang='lat' dir='ltr'>malum</span> <span class='ocrx_word' id='word_1_170' title='bbox 795 2957 907 3029; x_wconf 91' lang='lat' dir='ltr'>deum</span> <span class='ocrx_word' id='word_1_171' title='bbox 930 2980 999 3027; x_wconf 91' lang='lat' dir='ltr'>sua</span> <span class='ocrx_word' id='word_1_172' title='bbox 1023 2955 1153 3053; x_wconf 83' lang='lat' dir='ltr'>lingua</span> <span class='ocrx_word' id='word_1_173' title='bbox 1171 2952 1257 3025; x_wconf 91' lang='lat' dir='ltr'>Dia·</span> 
     </span>
     <span class='ocr_line' id='line_1_26' title="bbox 161 3055 1255 3154; baseline -0.007 -23"><span class='ocrx_word' id='word_1_174' title='bbox 161 3059 225 3131; x_wconf 95' lang='lat' dir='ltr'>bol</span> <span class='ocrx_word' id='word_1_175' title='bbox 242 3058 321 3131; x_wconf 86' lang='lat' dir='ltr'>sive</span> <span class='ocrx_word' id='word_1_176' title='bbox 336 3058 589 3152; x_wconf 70' lang='lat' dir='ltr'>Zeerneboch‚</span> <span class='ocrx_word' id='word_1_177' title='bbox 609 3057 644 3127; x_wconf 92' lang='lat' dir='ltr'>id</span> <span class='ocrx_word' id='word_1_178' title='bbox 664 3067 722 3129; x_wconf 89' lang='lat' dir='ltr'>est</span> <span class='ocrx_word' id='word_1_179' title='bbox 740 3056 891 3154; x_wconf 80' lang='lat' dir='ltr'>nigrum</span> <span class='ocrx_word' id='word_1_180' title='bbox 910 3057 1033 3152; x_wconf 67' lang='lat' dir='ltr'>deum,</span> <span class='ocrx_word' id='word_1_181' title='bbox 1053 3055 1255 3153; x_wconf 90' lang='lat' dir='ltr'>appellant.</span> 
     </span>
     <span class='ocr_line' id='line_1_27' title="bbox 160 3155 1258 3254; baseline -0.005 -23"><span class='ocrx_word' id='word_1_182' title='bbox 160 3160 262 3232; x_wconf 89' lang='lat' dir='ltr'>Inter</span> <span class='ocrx_word' id='word_1_183' title='bbox 281 3157 527 3230; x_wconf 85' lang='lat' dir='ltr'>multiformia</span> <span class='ocrx_word' id='word_1_184' title='bbox 546 3169 672 3231; x_wconf 86' lang='lat' dir='ltr'>autem</span> <span class='ocrx_word' id='word_1_185' title='bbox 687 3157 911 3230; x_wconf 85' lang='lat' dir='ltr'>Sclavorum</span> <span class='ocrx_word' id='word_1_186' title='bbox 931 3156 1085 3229; x_wconf 88' lang='lat' dir='ltr'>numina</span> <span class='ocrx_word' id='word_1_187' title='bbox 1110 3155 1258 3254; x_wconf 88' lang='lat' dir='ltr'>prepol-</span> 
     </span>
     <span class='ocr_line' id='line_1_28' title="bbox 162 3254 1259 3355; baseline -0.005 -23"><span class='ocrx_word' id='word_1_188' title='bbox 162 3258 463 3352; x_wconf 71' lang='lat' dir='ltr'>lethantevith,</span> <span class='ocrx_word' id='word_1_189' title='bbox 482 3259 574 3330; x_wconf 90' lang='lat' dir='ltr'>deus</span> <span class='ocrx_word' id='word_1_190' title='bbox 589 3270 688 3331; x_wconf 88' lang='lat' dir='ltr'>terre</span> <span class='ocrx_word' id='word_1_191' title='bbox 703 3255 995 3355; x_wconf 61' lang='lat' dir='ltr'>rugianorumt</span> <span class='ocrx_word' id='word_1_192' title='bbox 1023 3267 1154 3355; x_wconf 89' lang='lat' dir='ltr'>utpote</span> <span class='ocrx_word' id='word_1_193' title='bbox 1180 3254 1259 3329; x_wconf 84' lang='lat' dir='ltr'>effi-</span> 
     </span>
     <span class='ocr_line' id='line_1_29' title="bbox 163 3356 1260 3456; baseline -0.005 -22"><span class='ocrx_word' id='word_1_194' title='bbox 163 3360 290 3434; x_wconf 90' lang='lat' dir='ltr'>cacior</span> <span class='ocrx_word' id='word_1_195' title='bbox 308 3358 345 3430; x_wconf 92' lang='lat' dir='ltr'>in</span> <span class='ocrx_word' id='word_1_196' title='bbox 364 3358 568 3456; x_wconf 88' lang='lat' dir='ltr'>responsis.</span> <span class='ocrx_word' id='word_1_197' title='bbox 620 3358 735 3431; x_wconf 91' lang='lat' dir='ltr'>Cuius</span> <span class='ocrx_word' id='word_1_198' title='bbox 754 3358 889 3431; x_wconf 92' lang='lat' dir='ltr'>intuitu</span> <span class='ocrx_word' id='word_1_199' title='bbox 909 3369 1056 3431; x_wconf 88' lang='lat' dir='ltr'>eeteros</span> <span class='ocrx_word' id='word_1_200' title='bbox 1076 3356 1183 3454; x_wconf 87' lang='lat' dir='ltr'>quasi</span> <span class='ocrx_word' id='word_1_201' title='bbox 1203 3380 1260 3428; x_wconf 91' lang='lat' dir='ltr'>se·</span> 
     </span>
     <span class='ocr_line' id='line_1_30' title="bbox 163 3458 1260 3556; baseline -0.005 -23"><span class='ocrx_word' id='word_1_202' title='bbox 163 3461 309 3533; x_wconf 87' lang='lat' dir='ltr'>mideos</span> <span class='ocrx_word' id='word_1_203' title='bbox 329 3459 564 3551; x_wconf 87' lang='lat' dir='ltr'>estimabant.</span> <span class='ocrx_word' id='word_1_204' title='bbox 617 3460 722 3531; x_wconf 91' lang='lat' dir='ltr'>Unde</span> <span class='ocrx_word' id='word_1_205' title='bbox 741 3458 855 3531; x_wconf 90' lang='lat' dir='ltr'>etiam</span> <span class='ocrx_word' id='word_1_206' title='bbox 879 3458 914 3530; x_wconf 90' lang='lat' dir='ltr'>in</span> <span class='ocrx_word' id='word_1_207' title='bbox 935 3458 1125 3556; x_wconf 90' lang='lat' dir='ltr'>peculium</span> <span class='ocrx_word' id='word_1_208' title='bbox 1143 3458 1260 3529; x_wconf 91' lang='lat' dir='ltr'>hono·</span> 
     </span>
     <span class='ocr_line' id='line_1_31' title="bbox 164 3558 1261 3657; baseline -0.005 -23"><span class='ocrx_word' id='word_1_209' title='bbox 164 3560 242 3635; x_wconf 81' lang='lat' dir='ltr'>ris²</span> <span class='ocrx_word' id='word_1_210' title='bbox 269 3559 462 3633; x_wconf 91' lang='lat' dir='ltr'>annuatim</span> <span class='ocrx_word' id='word_1_211' title='bbox 481 3558 675 3633; x_wconf 88' lang='lat' dir='ltr'>hominem</span> <span class='ocrx_word' id='word_1_212' title='bbox 693 3559 940 3655; x_wconf 53' lang='lat' dir='ltr'>eristicolam,</span> <span class='ocrx_word' id='word_1_213' title='bbox 961 3583 1074 3657; x_wconf 92' lang='lat' dir='ltr'>quem</span> <span class='ocrx_word' id='word_1_214' title='bbox 1098 3581 1182 3630; x_wconf 88' lang='lat' dir='ltr'>sors</span> <span class='ocrx_word' id='word_1_215' title='bbox 1202 3580 1261 3629; x_wconf 89' lang='lat' dir='ltr'>ac·</span> 
     </span>
     <span class='ocr_line' id='line_1_32' title="bbox 165 3658 1262 3760; baseline -0.009 -23"><span class='ocrx_word' id='word_1_216' title='bbox 165 3658 407 3760; x_wconf 72' lang='lat' dir='ltr'>ceptaverit³‚</span> <span class='ocrx_word' id='word_1_217' title='bbox 431 3659 551 3733; x_wconf 87' lang='lat' dir='ltr'>eidem</span> <span class='ocrx_word' id='word_1_218' title='bbox 579 3660 688 3733; x_wconf 86' lang='lat' dir='ltr'>litare</span> <span class='ocrx_word' id='word_1_219' title='bbox 715 3670 1003 3735; x_wconf 89' lang='lat' dir='ltr'>consueverunt.</span> <span class='ocrx_word' id='word_1_220' title='bbox 1043 3659 1142 3746; x_wconf 85' lang='lat' dir='ltr'>Quin</span> <span class='ocrx_word' id='word_1_221' title='bbox 1161 3658 1262 3731; x_wconf 89' lang='lat' dir='ltr'>etde</span> 
     </span>
     <span class='ocr_line' id='line_1_33' title="bbox 164 3757 1263 3858; baseline -0.006 -23"><span class='ocrx_word' id='word_1_222' title='bbox 164 3761 341 3836; x_wconf 93' lang='lat' dir='ltr'>omnibus</span> <span class='ocrx_word' id='word_1_223' title='bbox 355 3760 576 3834; x_wconf 88' lang='lat' dir='ltr'>Sclavorum</span> <span class='ocrx_word' id='word_1_224' title='bbox 592 3761 794 3858; x_wconf 89' lang='lat' dir='ltr'>provinciis</span> <span class='ocrx_word' id='word_1_225' title='bbox 809 3771 970 3833; x_wconf 86' lang='lat' dir='ltr'>statutas</span> <span class='ocrx_word' id='word_1_226' title='bbox 990 3757 1263 3831; x_wconf 87' lang='lat' dir='ltr'>sacrificiorum</span> 
     </span>
     <span class='ocr_line' id='line_1_34' title="bbox 124 3861 1264 3961; baseline -0.007 -24"><span class='ocrx_word' id='word_1_227' title='bbox 124 3861 127 3865; x_wconf 72' lang='grc'>’</span> <span class='ocrx_word' id='word_1_228' title='bbox 166 3865 359 3961; x_wconf 88' lang='lat' dir='ltr'>impensas</span> <span class='ocrx_word' id='word_1_229' title='bbox 377 3862 442 3933; x_wconf 90' lang='lat' dir='ltr'>illo</span> <span class='ocrx_word' id='word_1_230' title='bbox 462 3862 777 3935; x_wconf 87' lang='lat' dir='ltr'>transmittebant.</span> <span class='ocrx_word' id='word_1_231' title='bbox 826 3861 920 3933; x_wconf 80' lang='lat' dir='ltr'>Mira</span> <span class='ocrx_word' id='word_1_232' title='bbox 945 3870 1073 3933; x_wconf 88' lang='lat' dir='ltr'>autem</span> <span class='ocrx_word' id='word_1_233' title='bbox 1092 3883 1264 3933; x_wconf 86' lang='lat' dir='ltr'>reveren-</span> 
     </span>
     <span class='ocr_line' id='line_1_35' title="bbox 167 3960 1264 4060; baseline -0.005 -23"><span class='ocrx_word' id='word_1_234' title='bbox 167 3965 222 4045; x_wconf 82' lang='lat' dir='ltr'>tia</span> <span class='ocrx_word' id='word_1_235' title='bbox 238 3962 339 4037; x_wconf 90' lang='lat' dir='ltr'>circa</span> <span class='ocrx_word' id='word_1_236' title='bbox 356 3962 432 4034; x_wconf 87' lang='lat' dir='ltr'>fani</span> <span class='ocrx_word' id='word_1_237' title='bbox 462 3960 717 4060; x_wconf 74' lang='lat' dir='ltr'>diligentiam⁴</span> <span class='ocrx_word' id='word_1_238' title='bbox 744 3960 871 4035; x_wconf 84' lang='lat' dir='ltr'>affecti</span> <span class='ocrx_word' id='word_1_239' title='bbox 899 3971 1002 4033; x_wconf 91' lang='lat' dir='ltr'>sunt:</span> <span class='ocrx_word' id='word_1_240' title='bbox 1030 3986 1118 4033; x_wconf 91' lang='lat' dir='ltr'>nam</span> <span class='ocrx_word' id='word_1_241' title='bbox 1140 3975 1264 4055; x_wconf 87' lang='lat' dir='ltr'>neque</span> 
     </span>
     <span class='ocr_line' id='line_1_36' title="bbox 169 4057 1265 4160; baseline -0.007 -23"><span class='ocrx_word' id='word_1_242' title='bbox 169 4062 390 4137; x_wconf 88' lang='lat' dir='ltr'>iuramentis</span> <span class='ocrx_word' id='word_1_243' title='bbox 409 4063 519 4136; x_wconf 82' lang='lat' dir='ltr'>facile</span> <span class='ocrx_word' id='word_1_244' title='bbox 538 4062 744 4160; x_wconf 67' lang='lat' dir='ltr'>indulgent,</span> <span class='ocrx_word' id='word_1_245' title='bbox 768 4086 890 4159; x_wconf 87' lang='lat' dir='ltr'>neque</span> <span class='ocrx_word' id='word_1_246' title='bbox 909 4060 1088 4133; x_wconf 88' lang='lat' dir='ltr'>ambitum</span> <span class='ocrx_word' id='word_1_247' title='bbox 1109 4059 1186 4131; x_wconf 87' lang='lat' dir='ltr'>fani</span> <span class='ocrx_word' id='word_1_248' title='bbox 1205 4057 1265 4132; x_wconf 89' lang='lat' dir='ltr'>vel</span> 
     </span>
    </p>
   </div>
   <div class='ocr_carea' id='block_1_5' title="bbox 171 4212 1266 4363">
    <p class='ocr_par' dir='ltr' id='par_1_5' title="bbox 171 4212 1266 4363">
     <span class='ocr_line' id='line_1_37' title="bbox 172 4212 1266 4287; baseline -0.006 -15"><span class='ocrx_word' id='word_1_249' title='bbox 172 4219 197 4286; x_wconf 82' lang='lat' dir='ltr'>l)</span> <span class='ocrx_word' id='word_1_250' title='bbox 218 4216 275 4272; x_wconf 78' lang='lat' dir='ltr'>cfr.</span> <span class='ocrx_word' id='word_1_251' title='bbox 295 4236 376 4287; x_wconf 82' lang='lat' dir='ltr'>supra</span> <span class='ocrx_word' id='word_1_252' title='bbox 397 4217 447 4269; x_wconf 71' lang='lat' dir='ltr'>ab</span> <span class='ocrx_word' id='word_1_253' title='bbox 467 4228 493 4270; x_wconf 85' lang='lat' dir='ltr'>et</span> <span class='ocrx_word' id='word_1_254' title='bbox 513 4217 580 4268; x_wconf 81' lang='lat' dir='ltr'>inl&#39;ra</span> <span class='ocrx_word' id='word_1_255' title='bbox 602 4218 619 4269; x_wconf 94' lang='lat' dir='ltr'>l.</span> <span class='ocrx_word' id='word_1_256' title='bbox 635 4213 668 4269; x_wconf 92' lang='lat' dir='ltr'>ll.</span> <span class='ocrx_word' id='word_1_257' title='bbox 689 4234 712 4269; x_wconf 90' lang='lat' dir='ltr'>c.</span> <span class='ocrx_word' id='word_1_258' title='bbox 731 4216 772 4269; x_wconf 77' lang='lat'>1⁴2.</span> <span class='ocrx_word' id='word_1_259' title='bbox 828 4216 854 4281; x_wconf 78' lang='lat'>2)</span> <span class='ocrx_word' id='word_1_260' title='bbox 875 4216 892 4268; x_wconf 89' lang='lat' dir='ltr'>i.</span> <span class='ocrx_word' id='word_1_261' title='bbox 906 4234 930 4267; x_wconf 84' lang='lat' dir='ltr'>e.</span> <span class='ocrx_word' id='word_1_262' title='bbox 950 4216 977 4267; x_wconf 89' lang='lat' dir='ltr'>in</span> <span class='ocrx_word' id='word_1_263' title='bbox 992 4212 1153 4282; x_wconf 78' lang='lat' dir='ltr'>peculiarem</span> <span class='ocrx_word' id='word_1_264' title='bbox 1175 4212 1266 4265; x_wconf 85' lang='lat' dir='ltr'>boue—</span> 
     </span>
     <span class='ocr_line' id='line_1_38' title="bbox 171 4284 1266 4363; baseline -0.006 -18"><span class='ocrx_word' id='word_1_265' title='bbox 171 4311 237 4345; x_wconf 86' lang='lat' dir='ltr'>rcm.</span> <span class='ocrx_word' id='word_1_266' title='bbox 294 4291 321 4359; x_wconf 79' lang='lat'>3)</span> <span class='ocrx_word' id='word_1_267' title='bbox 341 4288 398 4344; x_wconf 83' lang='lat' dir='ltr'>Csr.</span> <span class='ocrx_word' id='word_1_268' title='bbox 412 4308 490 4359; x_wconf 87' lang='lat' dir='ltr'>supra</span> <span class='ocrx_word' id='word_1_269' title='bbox 511 4290 624 4363; x_wconf 75' lang='lat' dir='ltr'>praelat.</span> <span class='ocrx_word' id='word_1_270' title='bbox 638 4289 696 4343; x_wconf 89' lang='lat' dir='ltr'>init.</span> <span class='ocrx_word' id='word_1_271' title='bbox 756 4287 783 4356; x_wconf 74' lang='lat'>4)</span> <span class='ocrx_word' id='word_1_272' title='bbox 799 4288 850 4343; x_wconf 80' lang='lat' dir='ltr'>ie.</span> <span class='ocrx_word' id='word_1_273' title='bbox 869 4306 974 4353; x_wconf 79' lang='lat' dir='ltr'>curam,</span> <span class='ocrx_word' id='word_1_274' title='bbox 995 4287 1143 4342; x_wconf 83' lang='lat' dir='ltr'>custodiam</span> <span class='ocrx_word' id='word_1_275' title='bbox 1164 4284 1266 4354; x_wconf 84' lang='lat' dir='ltr'>templi.</span> 
     </span>
    </p>
   </div>
   <div class='ocr_carea' id='block_1_6' title="bbox 0 0 1538 4900">
    <p class='ocr_par' dir='ltr' id='par_1_6' title="bbox 0 0 1538 4900">
     <span class='ocr_line' id='line_1_39' title="bbox 0 0 1538 4900; baseline 0 0"><span class='ocrx_word' id='word_1_276' title='bbox 0 0 1538 4900; x_wconf 95' lang='lat' dir='ltr'> </span> 
     </span>
    </p>
   </div>
  </div>
 </body>
</html>
