3000 4900
290 457 338 530 26
390 453 638 528 HELMOLDI
659 454 903 530 CHRONICA
920 456 1188 532 SLAVORUM.
1216 456 1304 530 LlB.
1321 457 1347 530 l.

288 653 344 724 gni
364 653 457 707 Karoli
476 655 567 708 linitur
585 655 717 725 prosapia.
755 655 810 709 Hic
834 660 1003 726 postmodum
1024 675 1107 728 regno
1127 657 1277 728 depositus,
1303 654 1382 709 Cou-

287 728 381 780 radum
402 726 565 781 Francorum
587 733 682 781 ducem
702 729 1023 784 habuissuceessorcm1.

363 806 397 875 8.
432 802 592 895 irruptio
615 801 857 896 Unpurorum.
921 805 1050 900 ltaque
1081 813 1264 902 regnante
1285 802 1380 874 Con-

210 953 212 956 ψ
267 901 378 972 rado
394 912 476 974 orta
492 913 550 976 est
563 903 801 1000 Ungarorum
816 903 941 1001 gravis
955 903 1125 1002 irrupti0,
1141 905 1203 1000 qui
1224 939 1277 989 nan
1293 918 1379 971 sotum

286 1008 405 1053 nostram
426 1000 568 1055 Saxoniam
589 1003 708 1074 aliasque
728 1003 766 1055 cis
782 1001 887 1057 Renum
908 1005 1073 1073 provincias,
1093 1022 1184 1056 rerum
1205 1005 1285 1059 etiam
1306 1018 1380 1060 trans
1413 1014 1416 1019 '

286 1072 390 1126 lienum
415 1073 614 1144 lotharingiam
642 1087 668 1128 et
693 1074 831 1128 Franciam
857 1077 976 1129 demoliti
1002 1081 1094 1131 sunt².
1141 1076 1236 1130 Tunc
1263 1077 1380 1134 incensis

287 1146 407 1199 ecclesiis
427 1165 520 1200 cruces
541 1167 553 1200 a
576 1149 736 1201 barbari-s
766 1157 888 1203 truncate
916 1159 943 1202 et
962 1150 1079 1203 ludibrio
1099 1151 1203 1213 habite,
1228 1157 1382 1206 sacerdotes

286 1228 347 1272 ante
367 1220 460 1272 altaria
475 1221 609 1283 trucidati,
628 1221 715 1274 clerus
733 1221 813 1290 vulgo
833 1222 930 1275 mistus
950 1231 996 1275 aut
1014 1223 1172 1277 interiectus
1187 1234 1233 1277 aut
1252 1226 1278 1278 in
1293 1225 1382 1296 capti-

286 1292 393 1345 vitatem
415 1297 526 1358 ductus,
554 1295 630 1346 cuius
655 1295 728 1362 signa
755 1295 853 1347 luroris
878 1298 911 1348 ad
933 1306 1049 1349 nostram
1070 1301 1233 1350 duraverunt
1252 1300 1379 1352 etatemss.

287 1363 357 1418 Dani
387 1383 495 1436 qunque
524 1364 634 1419 Sclavos
668 1367 767 1418 auxilio
799 1367 944 1431 habentes,
983 1369 1069 1437 primo
1101 1367 1380 1441 Nordalbingos,

288 1438 418 1491 deinde
437 1438 748 1492 Transalbianos4
769 1439 922 1493 Saxones
948 1453 1096 1503 vastantes,
1119 1460 1215 1510 magno
1235 1443 1379 1497 Sasoniam

286 1520 388 1564 terrore
407 1513 577 1582 quassabant.
612 1512 689 1580 Apud
707 1511 798 1564 Dauos
818 1531 851 1565 eo
869 1523 989 1583 tempore
1011 1515 1104 1566 Worm
1125 1517 1257 1584 regnarit,
1278 1519 1381 1570 crude-

285 1585 421 1645 lissimus,
440 1587 562 1655 inquam,
586 1585 682 1637 vermis
706 1595 734 1638 et
753 1586 885 1638 cristianis
905 1604 957 1639 non
979 1587 1151 1640 mediocriter
1169 1589 1291 1644 infestus.
1330 1589 1380 1643 llle

286 1657 502 1721 cristianitatem‚
525 1675 576 1728 que
596 1659 622 1709 in
640 1657 724 1712 [lania
742 1658 807 1720 tuit,
829 1677 937 1727 prorsus
954 1660 1121 1713 demoliri
1141 1661 1265 1726 molitus,
1285 1681 1380 1715 saeer-

286 1733 361 1783 dotes
386 1748 400 1782 a
420 1729 517 1783 sinibus
537 1731 591 1782 suis
609 1731 719 1800 depulit,
739 1731 869 1799 plurimos
888 1733 969 1786 etiam
984 1750 1030 1802 per
1049 1743 1179 1786 tormenta
1200 1736 1314 1788 necarit.
1342 1734 1380 1788 At

286 1821 349 1856 vero
364 1801 499 1856 Henrieus
519 1821 578 1864 res,
599 1822 783 1857 successor
796 1803 962 1868 Conradi,
988 1807 1040 1858 iarn
1058 1817 1123 1860 tunc
1143 1824 1156 1858 a
1179 1825 1263 1875 puero
1283 1814 1379 1862 timens

286 1875 432 1929 Dominum
453 1887 479 1930 et
497 1877 523 1928 in
545 1877 602 1929 eius
623 1877 803 1928 misericordia
824 1895 949 1930 omnem
967 1897 1097 1946 ponens
1117 1881 1257 1942 fiduciam,
1275 1880 1379 1950 Ungros

285 1949 393 2020 quidem
418 1951 574 2002 maximis
600 1950 691 2019 preliis
718 1951 901 2019 triumpharit,
927 1950 1062 2004 Bohemns
1083 1963 1110 2006 et
1128 1951 1246 2005 Sarabos
1266 1956 1299 2006 ab
1319 1955 1379 2007 aliis

284 2023 392 2090 regibus
411 2023 542 2076 edomitos
561 2032 586 2075 et
605 2033 710 2076 ceteros
730 2021 887 2076 Seianorum
915 2025 1028 2094 populos
1051 2042 1104 2076 uno
1124 2026 1217 2094 grandi
1238 2027 1324 2094 prelio
1342 2027 1379 2079 ita

285 2095 431 2165 percussit,
458 2105 491 2147 ut
510 2096 638 2156 ceteri,
665 2096 709 2167 qui
731 2097 875 2166 perpauci
895 2107 1095 2162 remanserant,
1121 2108 1148 2151 et
1172 2099 1228 2166 regi
1249 2101 1377 2152 tributum

285 2168 383 2222 etDeo
403 2169 602 2293 rriQp'uitatem
622 2169 691 2222 ultro
705 2170 898 2238 promitterent.
929 2169 1034 2223 Deinde
1053 2189 1111 2222 cum
1129 2173 1244 2224 exercitu
1263 2173 1376 2224 [lantiam

284 2243 432 2310 ingressus,
497 2260 553 2293 orm
576 2259 667 2311 regem
693 2242 779 2310 primo
804 2243 903 2311 impetu
930 2245 998 2296 adeo
1018 2246 1176 2313 perterruit,
1202 2255 1229 2297 ut
1249 2246 1377 2315 imperata

283 2331 312 2366 se
333 2314 421 2366 lacere
441 2318 580 2367 mandaret
598 2324 624 2367 et
643 2331 735 2383 parem
761 2318 870 2384 supplex
897 2319 1062 2384 deposceret.
1101 2317 1147 2370 Sic
1165 2318 1312 2371 Heinricus
1334 2337 1379 2372 rex

280 2389 368 2439 uictor
381 2389 449 2458 apud
465 2386 602 2449 Slesrrich,
617 2405 669 2458 que
682 2405 754 2440 nunc
773 2386 899 2441 Heidebo
916 2389 1021 2449 dicitur,
1036 2391 1110 2461 regni
1125 2391 1253 2445 terminos
1267 2409 1377 2462 ponens,

283 2462 320 2513 ibi
341 2472 368 2514 et
388 2461 567 2513 marchionem
589 2463 693 2522 statuit,
721 2472 747 2514 et
767 2461 902 2514 Saxonum
929 2464 1062 2515 coloniam
1088 2464 1210 2517 hahitare
1234 2468 1378 2535 precepit⁵.

286 2534 386 2587 Videas
406 2534 510 2601 igitur
525 2536 756 2588 sanctissimus
776 2533 991 2605 archiepiscopus
1006 2535 1083 2601 Unni,
1104 2539 1158 2607 qui
1180 2536 1378 2591 lleinnardn

285 2608 451 2660 successit
471 2608 500 2659 in
522 2608 725 2667 cathedram,
747 2607 929 2661 misericordia
951 2608 1058 2661 Domini
1071 2612 1155 2663 nostri
1176 2620 1202 2663 et
1221 2613 1318 2663 virtute
1332 2631 1374 2663 re-

285 2681 324 2749 gis
354 2678 476 2733 Heinrici
506 2678 678 2733 Danorum
721 2678 1000 2752 sclavorumque
1042 2684 1275 2752 pertinaciam
1303 2702 1378 2736 esse

284 2754 468 2820 edomitam
494 2755 647 2823 ostiumque
672 2753 734 2806 fidei
763 2754 789 2805 in
815 2755 937 2820 gentibus
962 2766 1082 2823 apertum
1102 2774 1174 2825 esse,
1204 2775 1310 2808 omnem
1330 2776 1378 2809 sue

284 2826 398 2880 diocesis
424 2826 590 2878 latitudinem
618 2827 699 2895 elegit
718 2844 766 2895 per
791 2844 819 2879 se
841 2828 928 2895 ipsum
958 2830 1081 2881 circuire.
1127 2828 1248 2881 Multis
1268 2831 1378 2896 igitur

285 2900 469 2967 religiosis
490 2900 689 2961 comitatus,
710 2900 882 2967 pervenitad
903 2900 1005 2962 Dauos,
1031 2902 1075 2954 ubi
1093 2911 1156 2955 tunc
1176 2903 1377 2955 crudelissimus

284 2970 379 3025 Worm
394 2972 521 3041 regnavit.
551 2970 586 3025 Et
605 2972 681 3023 illum
696 2972 804 3043 quidem
818 2991 867 3041 pro
880 2974 996 3041 ingenita
1014 2975 1121 3028 flectere
1140 2976 1259 3045 nequivit
1274 2976 1376 3033 sevitia,

283 3046 367 3097 lilium
389 3055 476 3098 autem
497 3044 648 3098 Haroldum
670 3047 861 3107 convertit,
875 3055 901 3099 et
919 3047 1025 3099 fidelem
1043 3047 1131 3101 (Iristo
1152 3049 1272 3118 perierit,
1291 3050 1326 3100 ita
1349 3059 1378 3103 ut

283 3119 499 3181 cristianitatem‚
519 3136 598 3189 quam
619 3127 695 3187 pater
718 3120 776 3170 eius
795 3137 902 3189 semper
920 3120 983 3171 odio
1002 3121 1110 3180 habuit,
1138 3122 1194 3188 ipse
1215 3122 1377 3174 servaris

283 3192 389 3261 publice
408 3192 572 3261 permiserit,
593 3193 713 3259 quamvis
733 3191 881 3260 ipsemet
900 3193 1022 3261 baptismi
1042 3206 1236 3246 sacramentum
1258 3199 1376 3247 nondum

283 3267 441 3334 perceperit.
478 3264 616 3318 Ordinatis
635 3265 725 3333 ltaque
744 3264 771 3316 in
791 3282 874 3334 regno
887 3264 1026 3317 Danorum
1046 3285 1094 3336 per
1112 3268 1229 3336 singulas
1249 3268 1376 3320 ecclesias

281 3338 480 3402 sacerdotibus,
500 3346 606 3389 sanctus
622 3336 670 3389 Dei
691 3337 887 3391 multitudinem
908 3341 1075 3392 credentium
1096 3342 1298 3393 commendasse
1318 3340 1377 3392 ler-

282 3420 325 3463 tur
345 3410 481 3475 Haroldo,
505 3411 581 3463 cuius
608 3412 687 3463 etiam
715 3411 796 3463 lultus
822 3413 957 3464 adiutorio
981 3422 1006 3464 et
1032 3414 1131 3481 legate,
1158 3431 1251 3465 omnes
1276 3413 1376 3465 insulas

284 3483 420 3537 Dacorum
441 3484 607 3554 penetravit,
633 3483 821 3551 euangelizans
841 3486 950 3535 verbum
973 3484 1037 3546 Dei,
1063 3494 1089 3538 et
1108 3487 1215 3546 fideles,
1244 3504 1311 3556 quos
1331 3488 1377 3538 in-

282 3558 355 3610 venit
381 3556 437 3609 illic
463 3558 594 3627 captivos,
618 3555 643 3607 in
671 3554 759 3608 Cristo
783 3558 964 3610 tiortlortansi.
1003 3557 1108 3621 Deinde
1134 3559 1243 3626 vestigia
1269 3569 1376 3611 secutus

282 3632 371 3697 magni
398 3630 572 3699 predicatoris
590 3626 723 3691 Anscarii,
742 3630 877 3696 remigans
897 3648 970 3683 mare
990 3629 1158 3697 Balthicum,
1181 3650 1234 3684 non
1253 3632 1312 3685 sine
1331 3632 1377 3683 la-

281 3704 348 3756 bore
367 3704 487 3771 pervenit
507 3704 539 3754 ad
554 3700 686 3771 Byrsam,
712 3702 937 3772 principalem
958 3702 1084 3757 Suedie
1104 3705 1293 3768 civitatem,
1322 3722 1376 3774 quo

282 3776 334 3829 iam
362 3784 422 3846 post
445 3776 547 3829 obitum
573 3777 657 3829 sancti
682 3772 807 3827 Ansearii
833 3795 913 3829 nemo
945 3779 1084 3831 doctorum
1109 3779 1185 3831 annis
1211 3778 1374 3847 septuaginta

284 3937 308 4009 1)
327 3936 359 3990 Iu
377 3941 427 3991 islo
450 3966 480 3977 -
501 3954 681 3991 successorem
710 3956 741 3990 ex
766 3937 865 3993 Adami
891 3941 908 3993 l.
929 3940 949 3994 l.
976 3941 1051 3993 nst
1079 3942 1106 3993 in
1135 3943 1231 3993 ordine
1259 3941 1374 3993 inverso.

281 4011 308 4080 27
327 4026 379 4063 non
392 4013 476 4064 sulcam
487 4041 517 4048 -
532 4013 647 4077 dernuls'tt
657 4019 719 4067 sunt
736 4030 768 4065 ex
781 4010 888 4067 Adamo
908 4014 925 4066 Ι.
943 4013 961 4065 Ι.
983 4032 1005 4068 ο,
1019 4015 1064 4068 57.
1120 4015 1273 4082 {illucessit
1286 4016 1375 4067 ecete-

280 4088 478 4138 sir's——elalcm
498 4101 529 4135 ex
548 4082 647 4137 Adam.
667 4084 684 4139 l.
706 4085 724 4137 l.
746 4104 770 4139 c.
784 4087 829 4139 55.
924 4086 952 4154 4)
971 4086 998 4137 in
1019 4088 1128 4140 australi
1149 4089 1275 4139 nimirum
1295 4084 1374 4139 Albis

282 4157 309 4208 ll.
330 4158 385 4225 ripa
408 4157 567 4209 habitantes.
660 4157 686 4225 5)
706 4160 818 4213 Daui-
832 4165 950 4229 precepit
968 4178 998 4209 ex
1019 4162 1117 4212 Adami
1137 4160 1154 4212 Ι.
1176 4159 1196 4212 Ι.
1216 4178 1239 4213 c.
1254 4159 1373 4212 57-59.

283 4230 308 4297 6)
328 4230 346 4282 i.
359 4246 381 4281 e.
403 4232 556 4292 observaci;
576 4228 695 4283 Adamas
714 4234 814 4286 habnt.
907 4233 932 4301 7)
953 4234 1164 4303 archiepiscopus
1177 4264 1208 4271 -
1220 4232 1375 4300 confortans

282 4320 312 4353 ex
332 4299 429 4354 Adami
449 4302 466 4355 l.
488 4302 508 4356 l.
528 4322 552 4356 ο.
566 4303 664 4358 60.6l.
