3000 4900
240 427 289 500 76
340 420 848 531 HELMOLDlCHRONlCA
866 418 1134 500 SLAVORUM.
1161 419 1291 492 LlB.l.
1356 486 1361 494 .

241 619 431 721 wenburg.
474 622 632 720 Fuitque
668 646 742 719 pax
776 621 873 694 inter
899 621 1073 694 Adollurn
1102 620 1279 694 comitem
1306 632 1349 694 et

140 776 142 781 ·
241 726 451 826 principem
484 723 702 797 Sclavorum
742 721 970 795 Heinrieurn.
1024 720 1195 808 Quodam
1230 721 1347 819 igitur

241 839 414 926 ternpore
442 849 527 898 curn
555 822 754 912 Heinricus
782 823 967 896 resideret
991 823 1026 894 in
1057 827 1147 896 urbe
1174 822 1346 919 Luheke,

242 950 332 1001 eece
345 925 574 1025 improvisus
590 923 1250 1023 supervenitexercitusRnianurum
1263 923 1345 997 sive
1373 998 1376 1008 ,

241 1022 448 1121 banorum,
474 1026 717 1123 subvectique
744 1049 813 1122 per
839 1026 987 1100 alveum
1013 1024 1184 1098 Trabene
1212 1028 1343 1098 urbem

242 1128 399 1206 navibus
427 1127 764 1200 circumdederunt.
811 1125 906 1199 Sunt
929 1135 1055 1198 autern
1078 1125 1185 1220 Rani7
1211 1125 1272 1222 qui
1297 1129 1342 1198 ab

236 1217 349 1305 'aliis1
374 1228 471 1302 Runi
490 1226 740 1326 appellantur,
764 1227 890 1325 populi
907 1228 1102 1323 crudeles,
1130 1225 1345 1300 habitantes

241 1331 280 1403 in
317 1332 427 1403 corde
463 1329 599 1423 maris,
629 1327 847 1423 ydololatrie
877 1352 989 1426 supra
1027 1331 1179 1401 modum
1216 1326 1346 1426 dediti7

243 1430 445 1528 primatum
473 1430 709 1528 preferentes
736 1427 773 1500 in
801 1429 902 1501 unani
931 1429 1152 1504 Sclavorunr
1176 1429 1345 1524 natione⁷

242 1534 428 1605 babentes
444 1527 574 1626 regem
592 1530 767 1601 etfanum
784 1527 1083 1602 celeberrimum.
1111 1531 1217 1604 Unde
1229 1530 1344 1614 etia-n

242 1643 397 1731 propter
411 1630 619 1728 specialem
638 1631 713 1702 lani
733 1629 830 1702 illius
852 1630 993 1702 cultum
1009 1631 1171 1729 primurn
1186 1655 1344 1704 venera·

241 1734 354 1804 tionis
381 1733 506 1803 locum
536 1733 718 1824 obtinent,
744 1740 782 1802 et
810 1731 1048 1804 curnmultis
1074 1731 1204 1828 iugum
1225 1731 1345 1829 impo-

241 1843 346 1930 nant³
364 1832 437 1932 ipsi
456 1831 592 1904 nullius
611 1830 743 1928 iugum
762 1829 965 1930 patiuntur⁷
990 1856 1036 1904 eo
1057 1835 1153 1929 quod
1174 1832 1346 1906 inacces-

242 1934 371 2007 sibiles
403 1933 477 2006 sint
508 1943 662 2030 propter
691 1931 930 2005 difficultates
961 1933 1141 2005 locorum.
1186 1933 1346 2030 Gentes,

242 2059 337 2133 quas
363 2034 480 2109 armis
509 2033 740 2130 subegerint,
767 2032 854 2105 fano
874 2057 941 2106 suo
967 2035 1168 2108 censuales
1192 2035 1345 2110 faciunt.

241 2136 361 2208 lltlaior
373 2131 537 2206 flaminis
554 2158 666 2231 quarn
682 2133 785 2230 regis
800 2135 993 2207 veneratio
1012 2138 1110 2232 apud
1128 2135 1232 2232 ips-os
1253 2134 1345 2209 est2.

243 2237 325 2324 Qua
351 2260 434 2308 sors
463 2233 691 2329 ostenderit,
721 2233 927 2307 exercituin
956 2235 1129 2330 dirigunt.
1173 2237 1343 2310 Victores

243 2361 376 2408 aarum
404 2346 441 2408 et
468 2347 668 2433 argentum
696 2334 733 2407 in
763 2335 926 2422 erarium
953 2336 1020 2408 Dei
1047 2337 1104 2410 sui
1133 2338 1343 2427 conferunt..

244 2449 371 2511 cetera
390 2436 487 2510 inter
507 2461 550 2510 se
566 2435 785 2535 partiuntur.
814 2436 872 2509 llii
888 2437 1345 2534 ergodoniinationislibi·

243 2542 328 2611 dine
344 2537 550 2637 provocati,
569 2548 756 2611 venerunt
775 2537 940 2633 Lubeke5
960 2540 1074 2612 veluti
1094 2564 1247 2612 ornnern
1260 2541 1345 2613 Wa-

243 2639 453 2738 girensium
490 2649 527 2711 et
561 2638 899 2736 Nordalbingorum
931 2640 1163 2737 provinciam
1192 2665 1346 2739 posses·

244 2740 332 2815 suri.
359 2740 498 2811 Videns
519 2749 645 2826 autem
656 2740 853 2818 Heinricus
873 2740 1118 2837 improvisum
1140 2742 1344 2815 obsidionis

244 2842 401 2934 malum,
419 2839 508 2936 dixit
526 2842 571 2911 ad
593 2840 800 2939 principem
814 2838 944 2913 militie
961 2864 1048 2913 sue:
1078 2840 1346 2913 Consulendam

245 2949 301 3015 est
333 2941 448 3014 saluti
474 2947 598 3013 nostre
623 2949 659 3014 et
682 2943 845 3014 virorum
872 2943 934 3037 qai
960 2940 1149 3018 nobiscum
1173 2947 1276 3037 sunt,
1311 2948 1349 3014 et

244 3044 490 3116 necessariam
516 3040 603 3113 mibi
626 3041 781 3139 videtur,
807 3048 850 3113 at
874 3065 1000 3113 caeam
1024 3040 1076 3113 ad
1087 3042 1346 3117 contrahenda

245 3142 408 3239 ancilia,
432 3145 467 3225 si
496 3146 595 3230 forte
624 3146 766 3236 possim
800 3142 927 3215 urbem
961 3142 1149 3219 obsidione
1176 3142 1344 3217 liberare.

243 3244 334 3317 Esto
363 3246 475 3339 ἱρέων
501 3244 556 3316 vir
583 3246 693 3330 sortis
725 3250 762 3317 et
795 3247 970 3331 conforta
997 3244 1192 3317 bellatores
1219 3247 1281 3342 qai
1308 3247 1346 3317 in

245 3345 333 3417 arbe
356 3344 427 3417 hac
451 3351 548 3439 sant,
574 3352 610 3417 et
631 3352 774 3418 servate
797 3344 885 3417 mibi
909 3345 1034 3417 urbem
1057 3369 1170 3443 usqae
1194 3344 1346 3419 indiam

177 3525 180 3531 ,
245 3452 429 3543 quartum.
476 3446 573 3517 Tunc
606 3448 700 3519 enim
729 3448 807 3519 vita
843 3445 996 3521 comite³
1026 3447 1213 3541 apparebo
1237 3470 1347 3539 saper

245 3545 538 3621 montemaltum.
581 3546 627 3618 Et
655 3548 809 3646 elapsus
836 3559 946 3621 nocte
974 3572 1060 3621 curn
1080 3550 1223 3622 duobus
1245 3546 1346 3643 viris,

245 3647 405 3720 venitin
424 3656 566 3721 terrain
585 3648 841 3747 llolzatorum,
863 3648 1045 3721 nuncians
1067 3648 1120 3723 eis
1141 3646 1346 3721 imminens

245 3750 466 3848 periculum.
510 3750 556 3821 At
580 3747 631 3820 illi
657 3748 695 3820 in
716 3774 833 3822 unum
859 3749 1084 3847 conglobati⁷
1103 3760 1348 3821 occurrerunt

247 3875 333 3923 curn
353 3874 398 3923 eo
418 3853 464 3923 ad
483 3849 657 3948 prelium7
677 3860 937 3949 veneruntque
954 3848 1348 3949 propemunitionenr‚

247 3976 321 4049 que
340 3956 628 4050 expugnabatur
646 3955 691 4023 ab
711 3953 895 4027 hostibus.
923 3952 968 4023 Et
987 3951 1185 4024 collocavit
1201 3950 1349 4023 Heinri-

248 4137 274 4205 1)
293 4140 326 4189 ab
353 4136 461 4191 Adamo
484 4133 687 4194 Bremeusiec.
707 4154 733 4207 p.
754 4135 817 4199 312,
844 4136 861 4189 l.
880 4134 925 4197 27;
952 4132 987 4188 cl.
1012 4152 1039 4205 p.
1059 4132 1114 4187 374
1134 4144 1161 4189 et
1179 4134 1263 4189 sebui.
1285 4133 1346 4189 117.

245 4210 275 4281 2)
293 4208 395 4263 Confer
422 4228 491 4283 quae
517 4211 570 4264 iarn
599 4212 633 4264 de
652 4209 736 4264 Raais
761 4212 879 4262 narravit
903 4218 994 4261 noster
1013 4224 1094 4279 supra
1114 4226 1172 4279 cap.
1193 4208 1209 4261 6
1230 4218 1257 4263 et
1275 4206 1347 4261 intra

256 4321 264 4335 .
286 4281 319 4336 ll.
340 4302 363 4336 c.
383 4284 417 4335 ¹2
436 4287 506 4342 med.
581 4283 607 4357 3)
626 4288 681 4338 vita
700 4287 801 4355 comite,
820 4282 848 4335 2.
868 4279 936 4353 Reg.
955 4281 981 4347 4,
1005 4281 1047 4337 16.
