<?xml version="1.0" encoding="UTF-8"?>
<!DOCTYPE html PUBLIC "-//W3C//DTD XHTML 1.0 Transitional//EN"
    "http://www.w3.org/TR/xhtml1/DTD/xhtml1-transitional.dtd">
<html xmlns="http://www.w3.org/1999/xhtml" xml:lang="en" lang="en">
 <head>
  <title>
</title>
<meta http-equiv="Content-Type" content="text/html;charset=utf-8" />
  <meta name='ocr-system' content='tesseract 3.04.00' />
  <meta name='ocr-capabilities' content='ocr_page ocr_carea ocr_par ocr_line ocrx_word'/>
</head>
<body>
  <div class='ocr_page' id='page_1' title='image "./helmoldipresbyt00pertgoog_0037.png"; bbox 0 0 3000 4900; ppageno 0'>
   <div class='ocr_carea' id='block_1_1' title="bbox 142 447 1200 526">
    <p class='ocr_par' dir='ltr' id='par_1_1' title="bbox 142 447 1200 526">
     <span class='ocr_line' id='line_1_1' title="bbox 142 447 1200 526; baseline 0.006 -6"><span class='ocrx_word' id='word_1_1' title='bbox 142 447 393 521; x_wconf 82' lang='lat' dir='ltr'>HELMOLDI</span> <span class='ocrx_word' id='word_1_2' title='bbox 411 447 655 521; x_wconf 87' lang='lat' dir='ltr'><strong>CHRONICA</strong></span> <span class='ocrx_word' id='word_1_3' title='bbox 674 447 940 522; x_wconf 87' lang='lat' dir='ltr'>SLAVORUM.</span> <span class='ocrx_word' id='word_1_4' title='bbox 968 447 1057 522; x_wconf 86' lang='lat' dir='ltr'><strong>LIB.</strong></span> <span class='ocrx_word' id='word_1_5' title='bbox 1073 450 1099 521; x_wconf 91' lang='lat' dir='ltr'><strong>l.</strong></span> <span class='ocrx_word' id='word_1_6' title='bbox 1152 453 1200 526; x_wconf 79' lang='lat'><strong>29</strong></span> 
     </span>
    </p>
   </div>
   <div class='ocr_carea' id='block_1_2' title="bbox 108 647 1205 792">
    <p class='ocr_par' dir='ltr' id='par_1_2' title="bbox 108 647 1205 792">
     <span class='ocr_line' id='line_1_2' title="bbox 108 647 1203 719; baseline 0.002 -17"><span class='ocrx_word' id='word_1_7' title='bbox 108 648 241 704; x_wconf 85' lang='lat' dir='ltr'><strong>Karolnm</strong></span> <span class='ocrx_word' id='word_1_8' title='bbox 268 657 373 701; x_wconf 88' lang='lat' dir='ltr'><strong>centum</strong></span> <span class='ocrx_word' id='word_1_9' title='bbox 394 647 586 718; x_wconf 84' lang='lat' dir='ltr'><strong>quinquaginta</strong></span> <span class='ocrx_word' id='word_1_10' title='bbox 608 656 660 702; x_wconf 81' lang='lat' dir='ltr'><strong>tres</strong></span> <span class='ocrx_word' id='word_1_11' title='bbox 683 647 762 700; x_wconf 88' lang='lat' dir='ltr'><strong>anni</strong></span> <span class='ocrx_word' id='word_1_12' title='bbox 786 647 974 703; x_wconf 81' lang='lat' dir='ltr'><strong>linxerunt.</strong></span> <span class='ocrx_word' id='word_1_13' title='bbox 1020 647 1063 702; x_wconf 89' lang='lat' dir='ltr'><strong>Eo</strong></span> <span class='ocrx_word' id='word_1_14' title='bbox 1082 659 1203 719; x_wconf 82' lang='lat' dir='ltr'><strong>tempore</strong></span> 
     </span>
     <span class='ocr_line' id='line_1_3' title="bbox 109 719 1205 792; baseline 0 -18"><span class='ocrx_word' id='word_1_15' title='bbox 109 725 256 792; x_wconf 82' lang='lat' dir='ltr'><strong>imperator</strong></span> <span class='ocrx_word' id='word_1_16' title='bbox 276 739 336 773; x_wconf 88' lang='lat' dir='ltr'><strong>eum</strong></span> <span class='ocrx_word' id='word_1_17' title='bbox 357 721 412 773; x_wconf 90' lang='lat' dir='ltr'><strong>lilio</strong></span> <span class='ocrx_word' id='word_1_18' title='bbox 429 721 641 792; x_wconf 85' lang='lat' dir='ltr'><strong>quinquennium</strong></span> <span class='ocrx_word' id='word_1_19' title='bbox 660 719 781 774; x_wconf 86' lang='lat' dir='ltr'><strong>initalia</strong></span> <span class='ocrx_word' id='word_1_20' title='bbox 802 732 995 786; x_wconf 74' lang='lat' dir='ltr'><strong>commoratus,</strong></span> <span class='ocrx_word' id='word_1_21' title='bbox 1014 722 1083 775; x_wconf 86' lang='lat' dir='ltr'><strong>lilios</strong></span> <span class='ocrx_word' id='word_1_22' title='bbox 1102 720 1205 776; x_wconf 87' lang='lat' dir='ltr'><strong>Berin-</strong></span> 
     </span>
    </p>
   </div>
   <div class='ocr_carea' id='block_1_3' title="bbox 108 797 1204 1295">
    <p class='ocr_par' dir='ltr' id='par_1_3' title="bbox 108 797 1204 1295">
     <span class='ocr_line' id='line_1_4' title="bbox 109 797 1203 888; baseline 0.001 -21"><span class='ocrx_word' id='word_1_23' title='bbox 109 817 178 885; x_wconf 84' lang='lat' dir='ltr'><strong>garii</strong></span> <span class='ocrx_word' id='word_1_24' title='bbox 198 812 354 876; x_wconf 80' lang='lat' dir='ltr'><strong>debellavit,</strong></span> <span class='ocrx_word' id='word_1_25' title='bbox 381 809 547 884; x_wconf 76' lang='lat' dir='ltr'><strong>Romamque</strong></span> <span class='ocrx_word' id='word_1_26' title='bbox 567 811 678 882; x_wconf 88' lang='lat' dir='ltr'><strong>pristine</strong></span> <span class='ocrx_word' id='word_1_27' title='bbox 696 813 816 888; x_wconf 76' lang='lat' dir='ltr'><strong>reddidit</strong></span> <span class='ocrx_word' id='word_1_28' title='bbox 834 812 978 869; x_wconf 71' lang='lat' dir='ltr'><strong>triennit.</strong></span> <span class='ocrx_word' id='word_1_29' title='bbox 1016 797 1203 869; x_wconf 78' lang='lat' dir='ltr'><strong>Revel&#39;sttS</strong></span> 
     </span>
     <span class='ocr_line' id='line_1_5' title="bbox 110 893 1203 994; baseline -0.002 -25"><span class='ocrx_word' id='word_1_30' title='bbox 110 921 203 994; x_wconf 81' lang='lat' dir='ltr'><strong>ergo</strong></span> <span class='ocrx_word' id='word_1_31' title='bbox 228 896 265 967; x_wconf 92' lang='lat' dir='ltr'><strong>in</strong></span> <span class='ocrx_word' id='word_1_32' title='bbox 289 893 463 994; x_wconf 70' lang='lat' dir='ltr'><strong>patriam,</strong></span> <span class='ocrx_word' id='word_1_33' title='bbox 488 918 600 968; x_wconf 89' lang='lat' dir='ltr'><strong>omne</strong></span> <span class='ocrx_word' id='word_1_34' title='bbox 618 895 784 968; x_wconf 88' lang='lat' dir='ltr'><strong>studium</strong></span> <span class='ocrx_word' id='word_1_35' title='bbox 801 895 950 968; x_wconf 80' lang='lat' dir='ltr'><strong>intorsit</strong></span> <span class='ocrx_word' id='word_1_36' title='bbox 968 897 1013 968; x_wconf 88' lang='lat' dir='ltr'><strong>ad</strong></span> <span class='ocrx_word' id='word_1_37' title='bbox 1032 895 1203 994; x_wconf 84' lang='lat' dir='ltr'><strong>gentium</strong></span> 
     </span>
     <span class='ocr_line' id='line_1_6' title="bbox 108 995 1204 1094; baseline -0.004 -22"><span class='ocrx_word' id='word_1_38' title='bbox 108 997 361 1094; x_wconf 65' lang='lat' dir='ltr'><strong>vocationem,</strong></span> <span class='ocrx_word' id='word_1_39' title='bbox 384 995 562 1094; x_wconf 86' lang='lat' dir='ltr'><strong>precipue</strong></span> <span class='ocrx_word' id='word_1_40' title='bbox 589 1021 677 1069; x_wconf 88' lang='lat' dir='ltr'><strong>vero</strong></span> <span class='ocrx_word' id='word_1_41' title='bbox 705 995 940 1094; x_wconf 69' lang='lat' dir='ltr'><strong>Sclavorum,</strong></span> <span class='ocrx_word' id='word_1_42' title='bbox 968 996 1204 1093; x_wconf 87' lang='lat' dir='ltr'><strong>quodetiam</strong></span> 
     </span>
     <span class='ocr_line' id='line_1_7' title="bbox 111 1095 1203 1196; baseline -0.001 -27"><span class='ocrx_word' id='word_1_43' title='bbox 111 1122 180 1196; x_wconf 92' lang='lat' dir='ltr'><strong>pro</strong></span> <span class='ocrx_word' id='word_1_44' title='bbox 201 1095 386 1170; x_wconf 87' lang='lat' dir='ltr'><strong>sententia</strong></span> <span class='ocrx_word' id='word_1_45' title='bbox 401 1095 481 1168; x_wconf 89' lang='lat' dir='ltr'><strong>eius</strong></span> <span class='ocrx_word' id='word_1_46' title='bbox 500 1095 552 1169; x_wconf 87' lang='lat' dir='ltr'><strong>ita</strong></span> <span class='ocrx_word' id='word_1_47' title='bbox 571 1095 706 1190; x_wconf 70' lang='lat' dir='ltr'><strong>evenit,</strong></span> <span class='ocrx_word' id='word_1_48' title='bbox 721 1097 800 1170; x_wconf 92' lang='lat' dir='ltr'><strong>Deo</strong></span> <span class='ocrx_word' id='word_1_49' title='bbox 820 1108 1047 1195; x_wconf 84' lang='lat' dir='ltr'><strong>cooperante</strong></span> <span class='ocrx_word' id='word_1_50' title='bbox 1066 1096 1203 1196; x_wconf 87' lang='lat' dir='ltr'><strong>etpiis·</strong></span> 
     </span>
     <span class='ocr_line' id='line_1_8' title="bbox 111 1197 1099 1295; baseline -0.002 -24"><span class='ocrx_word' id='word_1_51' title='bbox 111 1199 198 1271; x_wconf 89' lang='lat' dir='ltr'><strong>simi</strong></span> <span class='ocrx_word' id='word_1_52' title='bbox 217 1197 318 1295; x_wconf 80' lang='lat' dir='ltr'><strong>regis</strong></span> <span class='ocrx_word' id='word_1_53' title='bbox 338 1198 530 1270; x_wconf 86' lang='lat' dir='ltr'><strong>dexteram</strong></span> <span class='ocrx_word' id='word_1_54' title='bbox 549 1197 585 1270; x_wconf 92' lang='lat' dir='ltr'><strong>in</strong></span> <span class='ocrx_word' id='word_1_55' title='bbox 606 1197 779 1270; x_wconf 89' lang='lat' dir='ltr'><strong>omnibus</strong></span> <span class='ocrx_word' id='word_1_56' title='bbox 799 1198 1099 1272; x_wconf 77' lang='lat' dir='ltr'><strong>corroborante2.</strong></span> 
     </span>
    </p>
   </div>
   <div class='ocr_carea' id='block_1_4' title="bbox 191 1296 1203 1390">
    <p class='ocr_par' dir='ltr' id='par_1_4' title="bbox 191 1296 1203 1390">
     <span class='ocr_line' id='line_1_9' title="bbox 191 1296 1203 1390; baseline -0.004 -19"><span class='ocrx_word' id='word_1_57' title='bbox 191 1304 247 1371; x_wconf 88' lang='lat' dir='ltr'><strong>ll.</strong></span> <span class='ocrx_word' id='word_1_58' title='bbox 282 1297 336 1369; x_wconf 86' lang='lat' dir='ltr'><strong>De</strong></span> <span class='ocrx_word' id='word_1_59' title='bbox 353 1296 566 1370; x_wconf 81' lang='lat' dir='ltr'><strong>Adheiberto</strong></span> <span class='ocrx_word' id='word_1_60' title='bbox 586 1298 867 1390; x_wconf 77' lang='lat' dir='ltr'><strong>archiepiscopo</strong></span> <span class='ocrx_word' id='word_1_61' title='bbox 937 1312 1090 1368; x_wconf 64' lang='lat' dir='ltr'><strong>Suasoris</strong></span> <span class='ocrx_word' id='word_1_62' title='bbox 1114 1324 1203 1368; x_wconf 73' lang='lat' dir='ltr'><strong>autem</strong></span> 
     </span>
    </p>
   </div>
   <div class='ocr_carea' id='block_1_5' title="bbox 110 1394 1207 2199">
    <p class='ocr_par' dir='ltr' id='par_1_5' title="bbox 110 1394 1207 2199">
     <span class='ocr_line' id='line_1_10' title="bbox 110 1394 1204 1468; baseline -0.003 -16"><span class='ocrx_word' id='word_1_63' title='bbox 110 1399 291 1468; x_wconf 83' lang='lat' dir='ltr'><strong>cristianequa</strong></span> <span class='ocrx_word' id='word_1_64' title='bbox 310 1397 374 1450; x_wconf 85' lang='lat' dir='ltr'><strong>fidei</strong></span> <span class='ocrx_word' id='word_1_65' title='bbox 394 1399 525 1466; x_wconf 88' lang='lat' dir='ltr'><strong>copulatis</strong></span> <span class='ocrx_word' id='word_1_66' title='bbox 545 1397 701 1452; x_wconf 74' lang='lat' dir='ltr'><strong>Seianorum</strong></span> <span class='ocrx_word' id='word_1_67' title='bbox 722 1398 855 1465; x_wconf 81' lang='lat' dir='ltr'><strong>gentibus,</strong></span> <span class='ocrx_word' id='word_1_68' title='bbox 873 1394 988 1466; x_wconf 82' lang='lat' dir='ltr'><strong>Magnus</strong></span> <span class='ocrx_word' id='word_1_69' title='bbox 1001 1396 1065 1450; x_wconf 86' lang='lat' dir='ltr'><strong>Otto</strong></span> <span class='ocrx_word' id='word_1_70' title='bbox 1084 1397 1204 1450; x_wconf 85' lang='lat' dir='ltr'><strong>inclitam</strong></span> 
     </span>
     <span class='ocr_line' id='line_1_11' title="bbox 110 1468 1206 1542; baseline -0.002 -18"><span class='ocrx_word' id='word_1_71' title='bbox 110 1473 206 1524; x_wconf 88' lang='lat' dir='ltr'><strong>urbem</strong></span> <span class='ocrx_word' id='word_1_72' title='bbox 224 1469 392 1542; x_wconf 77' lang='lat' dir='ltr'><strong>Magdeburg</strong></span> <span class='ocrx_word' id='word_1_73' title='bbox 410 1489 491 1540; x_wconf 82' lang='lat' dir='ltr'><strong>super</strong></span> <span class='ocrx_word' id='word_1_74' title='bbox 510 1473 580 1540; x_wconf 86' lang='lat' dir='ltr'><strong>ripas</strong></span> <span class='ocrx_word' id='word_1_75' title='bbox 600 1470 680 1525; x_wconf 80' lang='lat' dir='ltr'><strong>Albia</strong></span> <span class='ocrx_word' id='word_1_76' title='bbox 700 1471 817 1522; x_wconf 89' lang='lat' dir='ltr'><strong>lluminis</strong></span> <span class='ocrx_word' id='word_1_77' title='bbox 843 1472 976 1532; x_wconf 78' lang='lat' dir='ltr'><strong>condidit,</strong></span> <span class='ocrx_word' id='word_1_78' title='bbox 1005 1487 1086 1540; x_wconf 87' lang='lat' dir='ltr'><strong>quarn</strong></span> <span class='ocrx_word' id='word_1_79' title='bbox 1103 1468 1206 1523; x_wconf 77' lang='lat' dir='ltr'><strong>Solaria</strong></span> 
     </span>
     <span class='ocr_line' id='line_1_12' title="bbox 111 1542 1205 1613; baseline -0.002 -17"><span class='ocrx_word' id='word_1_80' title='bbox 111 1545 272 1613; x_wconf 79' lang='lat' dir='ltr'><strong>metropolin</strong></span> <span class='ocrx_word' id='word_1_81' title='bbox 301 1553 433 1605; x_wconf 86' lang='lat' dir='ltr'><strong>statuens,</strong></span> <span class='ocrx_word' id='word_1_82' title='bbox 461 1542 658 1598; x_wconf 86' lang='lat' dir='ltr'><strong>Adhelbertum</strong></span> <span class='ocrx_word' id='word_1_83' title='bbox 688 1561 791 1597; x_wconf 79' lang='lat' dir='ltr'><strong>summe</strong></span> <span class='ocrx_word' id='word_1_84' title='bbox 820 1543 966 1596; x_wconf 85' lang='lat' dir='ltr'><strong>sanctitatis</strong></span> <span class='ocrx_word' id='word_1_85' title='bbox 992 1543 1076 1596; x_wconf 87' lang='lat' dir='ltr'><strong>virum</strong></span> <span class='ocrx_word' id='word_1_86' title='bbox 1104 1543 1205 1595; x_wconf 85' lang='lat' dir='ltr'><strong>ibidem</strong></span> 
     </span>
     <span class='ocr_line' id='line_1_13' title="bbox 110 1611 1205 1687; baseline -0.003 -17"><span class='ocrx_word' id='word_1_87' title='bbox 110 1617 263 1670; x_wconf 86' lang='lat' dir='ltr'><strong>consecrari</strong></span> <span class='ocrx_word' id='word_1_88' title='bbox 284 1611 348 1670; x_wconf 85' lang='lat' dir='ltr'><strong>iecii</strong></span> <span class='ocrx_word' id='word_1_89' title='bbox 367 1616 608 1687; x_wconf 81' lang='lat' dir='ltr'><strong>archiepiscopum.</strong></span> <span class='ocrx_word' id='word_1_90' title='bbox 647 1616 672 1669; x_wconf 88' lang='lat' dir='ltr'><strong>is</strong></span> <span class='ocrx_word' id='word_1_91' title='bbox 692 1617 793 1686; x_wconf 86' lang='lat' dir='ltr'><strong>primus</strong></span> <span class='ocrx_word' id='word_1_92' title='bbox 818 1618 844 1668; x_wconf 91' lang='lat' dir='ltr'><strong>in</strong></span> <span class='ocrx_word' id='word_1_93' title='bbox 864 1615 1032 1686; x_wconf 81' lang='lat' dir='ltr'><strong>Magdeburg</strong></span> <span class='ocrx_word' id='word_1_94' title='bbox 1057 1615 1205 1678; x_wconf 88' lang='lat' dir='ltr'><strong>ordinatus,</strong></span> 
     </span>
     <span class='ocr_line' id='line_1_14' title="bbox 110 1687 1206 1761; baseline -0.004 -17"><span class='ocrx_word' id='word_1_95' title='bbox 110 1691 255 1744; x_wconf 88' lang='lat' dir='ltr'><strong>duodecim</strong></span> <span class='ocrx_word' id='word_1_96' title='bbox 274 1690 350 1741; x_wconf 85' lang='lat' dir='ltr'><strong>annis</strong></span> <span class='ocrx_word' id='word_1_97' title='bbox 370 1699 497 1742; x_wconf 82' lang='lat' dir='ltr'><strong>strennue</strong></span> <span class='ocrx_word' id='word_1_98' title='bbox 517 1691 701 1758; x_wconf 87' lang='lat' dir='ltr'><strong>pontificatum</strong></span> <span class='ocrx_word' id='word_1_99' title='bbox 721 1689 927 1752; x_wconf 75' lang='lat' dir='ltr'><strong>administravit,</strong></span> <span class='ocrx_word' id='word_1_100' title='bbox 950 1690 1103 1761; x_wconf 83' lang='lat' dir='ltr'><strong>naultosqne</strong></span> <span class='ocrx_word' id='word_1_101' title='bbox 1123 1687 1206 1742; x_wconf 88' lang='lat' dir='ltr'><strong>Scla-</strong></span> 
     </span>
     <span class='ocr_line' id='line_1_15' title="bbox 110 1761 1206 1832; baseline 0 -18"><span class='ocrx_word' id='word_1_102' title='bbox 110 1781 208 1816; x_wconf 84' lang='lat' dir='ltr'><strong>rorum</strong></span> <span class='ocrx_word' id='word_1_103' title='bbox 228 1762 340 1831; x_wconf 86' lang='lat' dir='ltr'><strong>populos</strong></span> <span class='ocrx_word' id='word_1_104' title='bbox 360 1762 440 1816; x_wconf 86' lang='lat' dir='ltr'><strong>illio</strong></span> <span class='ocrx_word' id='word_1_105' title='bbox 459 1765 622 1832; x_wconf 85' lang='lat' dir='ltr'><strong>predicando</strong></span> <span class='ocrx_word' id='word_1_106' title='bbox 643 1763 783 1817; x_wconf 85' lang='lat' dir='ltr'><strong>convertit.</strong></span> <span class='ocrx_word' id='word_1_107' title='bbox 822 1761 906 1816; x_wconf 83' lang='lat' dir='ltr'><strong>Cuius</strong></span> <span class='ocrx_word' id='word_1_108' title='bbox 926 1763 1058 1816; x_wconf 89' lang='lat' dir='ltr'><strong>ordinatio</strong></span> <span class='ocrx_word' id='word_1_109' title='bbox 1078 1763 1147 1832; x_wconf 80' lang='lat' dir='ltr'><strong>lacta</strong></span> <span class='ocrx_word' id='word_1_110' title='bbox 1165 1770 1206 1814; x_wconf 86' lang='lat' dir='ltr'><strong>est</strong></span> 
     </span>
     <span class='ocr_line' id='line_1_16' title="bbox 111 1833 1206 1905; baseline -0.004 -16"><span class='ocrx_word' id='word_1_111' title='bbox 111 1854 184 1889; x_wconf 92' lang='lat' dir='ltr'><strong>anno</strong></span> <span class='ocrx_word' id='word_1_112' title='bbox 206 1835 373 1904; x_wconf 88' lang='lat' dir='ltr'><strong>imperatoris</strong></span> <span class='ocrx_word' id='word_1_113' title='bbox 386 1833 435 1896; x_wconf 83' lang='lat'><strong>35,</strong></span> <span class='ocrx_word' id='word_1_114' title='bbox 462 1847 488 1888; x_wconf 88' lang='lat' dir='ltr'><strong>et</strong></span> <span class='ocrx_word' id='word_1_115' title='bbox 511 1846 572 1888; x_wconf 90' lang='lat' dir='ltr'><strong>sunt</strong></span> <span class='ocrx_word' id='word_1_116' title='bbox 596 1835 658 1888; x_wconf 88' lang='lat' dir='ltr'><strong>anni</strong></span> <span class='ocrx_word' id='word_1_117' title='bbox 683 1844 742 1905; x_wconf 87' lang='lat' dir='ltr'><strong>post</strong></span> <span class='ocrx_word' id='word_1_118' title='bbox 762 1836 955 1889; x_wconf 86' lang='lat' dir='ltr'><strong>ordinationum</strong></span> <span class='ocrx_word' id='word_1_119' title='bbox 976 1835 1061 1888; x_wconf 82' lang='lat' dir='ltr'><strong>sancti</strong></span> <span class='ocrx_word' id='word_1_120' title='bbox 1082 1833 1206 1888; x_wconf 75' lang='lat' dir='ltr'><strong>Anscarii</strong></span> 
     </span>
     <span class='ocr_line' id='line_1_17' title="bbox 112 1905 1206 1979; baseline 0 -20"><span class='ocrx_word' id='word_1_121' title='bbox 112 1909 197 1962; x_wconf 80' lang='lat'>137³.</span> <span class='ocrx_word' id='word_1_122' title='bbox 247 1907 473 1977; x_wconf 80' lang='lat' dir='ltr'><strong>Magdebnrgensi</strong></span> <span class='ocrx_word' id='word_1_123' title='bbox 493 1918 581 1962; x_wconf 85' lang='lat' dir='ltr'><strong>autern</strong></span> <span class='ocrx_word' id='word_1_124' title='bbox 601 1908 765 1979; x_wconf 83' lang='lat' dir='ltr'><strong>episcopatui</strong></span> <span class='ocrx_word' id='word_1_125' title='bbox 785 1910 904 1961; x_wconf 87' lang='lat' dir='ltr'><strong>subiecta</strong></span> <span class='ocrx_word' id='word_1_126' title='bbox 929 1917 968 1962; x_wconf 85' lang='lat' dir='ltr'><strong>est</strong></span> <span class='ocrx_word' id='word_1_127' title='bbox 991 1918 1044 1962; x_wconf 89' lang='lat' dir='ltr'><strong>tota</strong></span> <span class='ocrx_word' id='word_1_128' title='bbox 1065 1905 1206 1960; x_wconf 81' lang='lat' dir='ltr'><strong>Sclarania</strong></span> 
     </span>
     <span class='ocr_line' id='line_1_18' title="bbox 110 1980 1206 2053; baseline 0 -19"><span class='ocrx_word' id='word_1_129' title='bbox 110 1999 200 2052; x_wconf 89' lang='lat' dir='ltr'><strong>usque</strong></span> <span class='ocrx_word' id='word_1_130' title='bbox 220 1982 258 2033; x_wconf 93' lang='lat' dir='ltr'><strong>ad</strong></span> <span class='ocrx_word' id='word_1_131' title='bbox 278 1980 377 2035; x_wconf 87' lang='lat' dir='ltr'><strong>Penem</strong></span> <span class='ocrx_word' id='word_1_132' title='bbox 398 1982 517 2035; x_wconf 85' lang='lat' dir='ltr'><strong>lluvinm.</strong></span> <span class='ocrx_word' id='word_1_133' title='bbox 554 1981 731 2052; x_wconf 81' lang='lat' dir='ltr'><strong>Episcopatus</strong></span> <span class='ocrx_word' id='word_1_134' title='bbox 752 1982 916 2051; x_wconf 74' lang='lat' dir='ltr'><strong>suffraganei</strong></span> <span class='ocrx_word' id='word_1_135' title='bbox 936 1981 1069 2053; x_wconf 85' lang='lat' dir='ltr'><strong>quinque,</strong></span> <span class='ocrx_word' id='word_1_136' title='bbox 1091 1998 1206 2052; x_wconf 86' lang='lat' dir='ltr'><strong>quorum</strong></span> 
     </span>
     <span class='ocr_line' id='line_1_19' title="bbox 110 2051 1207 2125; baseline -0.002 -17"><span class='ocrx_word' id='word_1_137' title='bbox 110 2053 273 2124; x_wconf 81' lang='lat' dir='ltr'><strong>Merseburg</strong></span> <span class='ocrx_word' id='word_1_138' title='bbox 293 2063 320 2107; x_wconf 86' lang='lat' dir='ltr'><strong>et</strong></span> <span class='ocrx_word' id='word_1_139' title='bbox 339 2051 420 2108; x_wconf 90' lang='lat' dir='ltr'><strong>Cicen</strong></span> <span class='ocrx_word' id='word_1_140' title='bbox 440 2073 521 2125; x_wconf 84' lang='lat' dir='ltr'><strong>super</strong></span> <span class='ocrx_word' id='word_1_141' title='bbox 540 2054 628 2108; x_wconf 85' lang='lat' dir='ltr'><strong>Salam</strong></span> <span class='ocrx_word' id='word_1_142' title='bbox 650 2057 760 2108; x_wconf 84' lang='lat' dir='ltr'><strong>fluvium</strong></span> <span class='ocrx_word' id='word_1_143' title='bbox 786 2056 907 2118; x_wconf 84' lang='lat' dir='ltr'><strong>condite,</strong></span> <span class='ocrx_word' id='word_1_144' title='bbox 934 2052 1022 2107; x_wconf 76' lang='lat' dir='ltr'><strong>Minna</strong></span> <span class='ocrx_word' id='word_1_145' title='bbox 1044 2072 1105 2107; x_wconf 85' lang='lat' dir='ltr'><strong>vero</strong></span> <span class='ocrx_word' id='word_1_146' title='bbox 1124 2071 1207 2124; x_wconf 85' lang='lat' dir='ltr'><strong>super</strong></span> 
     </span>
     <span class='ocr_line' id='line_1_20' title="bbox 110 2123 1207 2199; baseline -0.001 -18"><span class='ocrx_word' id='word_1_147' title='bbox 110 2127 237 2190; x_wconf 81' lang='lat' dir='ltr'><strong>Albiam,</strong></span> <span class='ocrx_word' id='word_1_148' title='bbox 264 2123 459 2199; x_wconf 82' lang='lat' dir='ltr'><strong>Brandenburg</strong></span> <span class='ocrx_word' id='word_1_149' title='bbox 484 2138 511 2182; x_wconf 88' lang='lat' dir='ltr'><strong>ct</strong></span> <span class='ocrx_word' id='word_1_150' title='bbox 531 2127 684 2198; x_wconf 80' lang='lat' dir='ltr'><strong>Havelberg</strong></span> <span class='ocrx_word' id='word_1_151' title='bbox 708 2128 822 2181; x_wconf 85' lang='lat' dir='ltr'><strong>interius</strong></span> <span class='ocrx_word' id='word_1_152' title='bbox 842 2131 951 2180; x_wconf 83' lang='lat' dir='ltr'><strong>radunt.</strong></span> <span class='ocrx_word' id='word_1_153' title='bbox 984 2126 1078 2180; x_wconf 85' lang='lat' dir='ltr'><strong>Sextus</strong></span> <span class='ocrx_word' id='word_1_154' title='bbox 1098 2127 1207 2197; x_wconf 87' lang='lat' dir='ltr'><strong>episco-</strong></span> 
     </span>
    </p>
   </div>
   <div class='ocr_carea' id='block_1_6' title="bbox 111 2200 1262 4015">
    <p class='ocr_par' dir='ltr' id='par_1_6' title="bbox 111 2200 1209 2812">
     <span class='ocr_line' id='line_1_21' title="bbox 111 2200 1208 2299; baseline 0.003 -30"><span class='ocrx_word' id='word_1_155' title='bbox 111 2229 191 2289; x_wconf 87' lang='lat' dir='ltr'><strong>patus</strong></span> <span class='ocrx_word' id='word_1_156' title='bbox 212 2215 352 2272; x_wconf 84' lang='lat' dir='ltr'><strong>Sclavanie</strong></span> <span class='ocrx_word' id='word_1_157' title='bbox 374 2229 415 2273; x_wconf 83' lang='lat' dir='ltr'><strong>eat</strong></span> <span class='ocrx_word' id='word_1_158' title='bbox 438 2219 621 2288; x_wconf 49' lang='lat' dir='ltr'><strong>aldenburgi</strong></span> <span class='ocrx_word' id='word_1_159' title='bbox 678 2203 786 2273; x_wconf 76' lang='lat' dir='ltr'><strong>Hunc</strong></span> <span class='ocrx_word' id='word_1_160' title='bbox 810 2201 1082 2299; x_wconf 67' lang='lat' dir='ltr'><strong>epiSCOpaitlm7</strong></span> <span class='ocrx_word' id='word_1_161' title='bbox 1111 2200 1208 2273; x_wconf 76' lang='lat' dir='ltr'><strong>Sicut</strong></span> 
     </span>
     <span class='ocr_line' id='line_1_22' title="bbox 113 2300 1208 2402; baseline 0 -29"><span class='ocrx_word' id='word_1_162' title='bbox 113 2313 153 2374; x_wconf 87' lang='lat' dir='ltr'><strong>et</strong></span> <span class='ocrx_word' id='word_1_163' title='bbox 178 2311 338 2398; x_wconf 62' lang='lat' dir='ltr'><strong>ceteros⁷</strong></span> <span class='ocrx_word' id='word_1_164' title='bbox 365 2303 571 2402; x_wconf 85' lang='lat' dir='ltr'><strong>imperator</strong></span> <span class='ocrx_word' id='word_1_165' title='bbox 592 2300 680 2375; x_wconf 89' lang='lat' dir='ltr'><strong>Otto</strong></span> <span class='ocrx_word' id='word_1_166' title='bbox 709 2302 1023 2400; x_wconf 82' lang='lat' dir='ltr'><strong>Magdeburgensi</strong></span> <span class='ocrx_word' id='word_1_167' title='bbox 1044 2302 1208 2399; x_wconf 86' lang='lat' dir='ltr'><strong>primurn</strong></span> 
     </span>
     <span class='ocr_line' id='line_1_23' title="bbox 113 2403 1208 2502; baseline -0.01 -18"><span class='ocrx_word' id='word_1_168' title='bbox 113 2411 286 2485; x_wconf 88' lang='lat' dir='ltr'><strong>subicere</strong></span> <span class='ocrx_word' id='word_1_169' title='bbox 314 2407 550 2501; x_wconf 74' lang='lat' dir='ltr'><strong>decreverat,</strong></span> <span class='ocrx_word' id='word_1_170' title='bbox 578 2429 689 2502; x_wconf 85' lang='lat' dir='ltr'><strong>quern</strong></span> <span class='ocrx_word' id='word_1_171' title='bbox 714 2413 842 2476; x_wconf 87' lang='lat' dir='ltr'><strong>tamen</strong></span> <span class='ocrx_word' id='word_1_172' title='bbox 868 2404 1109 2501; x_wconf 88' lang='lat' dir='ltr'><strong>postmodum</strong></span> <span class='ocrx_word' id='word_1_173' title='bbox 1136 2403 1208 2474; x_wconf 89' lang='lat' dir='ltr'><strong>Ad·</strong></span> 
     </span>
     <span class='ocr_line' id='line_1_24' title="bbox 112 2501 1207 2610; baseline -0.01 -26"><span class='ocrx_word' id='word_1_174' title='bbox 112 2513 300 2610; x_wconf 79' lang='lat' dir='ltr'><strong>heldagus</strong></span> <span class='ocrx_word' id='word_1_175' title='bbox 314 2505 712 2603; x_wconf 79' lang='lat' dir='ltr'><strong>Hammernburgensis</strong></span> <span class='ocrx_word' id='word_1_176' title='bbox 727 2504 927 2601; x_wconf 89' lang='lat' dir='ltr'><strong>episcopus</strong></span> <span class='ocrx_word' id='word_1_177' title='bbox 941 2501 1145 2600; x_wconf 69' lang='lat' dir='ltr'><strong>requisivit,</strong></span> <span class='ocrx_word' id='word_1_178' title='bbox 1160 2527 1207 2574; x_wconf 89' lang='lat' dir='ltr'><strong>eo</strong></span> 
     </span>
     <span class='ocr_line' id='line_1_25' title="bbox 114 2602 1209 2710; baseline -0.011 -24"><span class='ocrx_word' id='word_1_179' title='bbox 114 2614 216 2710; x_wconf 89' lang='lat' dir='ltr'><strong>quod</strong></span> <span class='ocrx_word' id='word_1_180' title='bbox 242 2608 425 2686; x_wconf 85' lang='lat' dir='ltr'><strong>terminus</strong></span> <span class='ocrx_word' id='word_1_181' title='bbox 453 2632 519 2680; x_wconf 90' lang='lat' dir='ltr'><strong>sue</strong></span> <span class='ocrx_word' id='word_1_182' title='bbox 545 2605 704 2680; x_wconf 87' lang='lat' dir='ltr'><strong>ecclesie</strong></span> <span class='ocrx_word' id='word_1_183' title='bbox 739 2603 901 2701; x_wconf 85' lang='lat' dir='ltr'><strong>antiquis</strong></span> <span class='ocrx_word' id='word_1_184' title='bbox 935 2602 1209 2703; x_wconf 83' lang='lat' dir='ltr'><strong>imperatorum</strong></span> 
     </span>
     <span class='ocr_line' id='line_1_26' title="bbox 113 2702 797 2812; baseline -0.012 -28"><span class='ocrx_word' id='word_1_185' title='bbox 113 2711 321 2812; x_wconf 81' lang='lat' dir='ltr'><strong>privilegiis</strong></span> <span class='ocrx_word' id='word_1_186' title='bbox 341 2718 442 2784; x_wconf 88' lang='lat' dir='ltr'><strong>esset</strong></span> <span class='ocrx_word' id='word_1_187' title='bbox 460 2702 797 2804; x_wconf 75' lang='lat' dir='ltr'><strong>circumscriptus⁶.</strong></span> 
     </span>
    </p>

    <p class='ocr_par' dir='ltr' id='par_1_7' title="bbox 112 2804 1262 4015">
     <span class='ocr_line' id='line_1_27' title="bbox 195 2804 1208 2901; baseline -0.011 -15"><span class='ocrx_word' id='word_1_188' title='bbox 195 2816 251 2887; x_wconf 77' lang='lat'><strong>12.</strong></span> <span class='ocrx_word' id='word_1_189' title='bbox 287 2809 531 2883; x_wconf 82' lang='lat' dir='ltr'><strong>DeMcrcone</strong></span> <span class='ocrx_word' id='word_1_190' title='bbox 558 2810 736 2901; x_wconf 83' lang='lat' dir='ltr'><strong>episcopo.</strong></span> <span class='ocrx_word' id='word_1_191' title='bbox 823 2805 889 2877; x_wconf 85' lang='lat' dir='ltr'><strong>Est</strong></span> <span class='ocrx_word' id='word_1_192' title='bbox 917 2815 1043 2877; x_wconf 86' lang='lat' dir='ltr'><strong>autern</strong></span> <span class='ocrx_word' id='word_1_193' title='bbox 1073 2804 1208 2878; x_wconf 88' lang='lat' dir='ltr'><strong>Alden-</strong></span> 
     </span>
     <span class='ocr_line' id='line_1_28' title="bbox 112 2903 1208 3011; baseline -0.01 -24"><span class='ocrx_word' id='word_1_194' title='bbox 112 2918 211 3011; x_wconf 80' lang='lat' dir='ltr'><strong>burg</strong></span> <span class='ocrx_word' id='word_1_195' title='bbox 236 2939 292 3008; x_wconf 69' lang='lat' dir='ltr'><strong>ea,</strong></span> <span class='ocrx_word' id='word_1_196' title='bbox 320 2936 393 3009; x_wconf 87' lang='lat' dir='ltr'><strong>que</strong></span> <span class='ocrx_word' id='word_1_197' title='bbox 411 2907 583 2983; x_wconf 88' lang='lat' dir='ltr'><strong>Sclavica</strong></span> <span class='ocrx_word' id='word_1_198' title='bbox 600 2908 729 3005; x_wconf 82' lang='lat' dir='ltr'><strong>lingua</strong></span> <span class='ocrx_word' id='word_1_199' title='bbox 748 2904 955 3004; x_wconf 72' lang='lat' dir='ltr'><strong>Starigard,</strong></span> <span class='ocrx_word' id='word_1_200' title='bbox 978 2903 1050 2977; x_wconf 87' lang='lat' dir='ltr'><strong>hoc</strong></span> <span class='ocrx_word' id='word_1_201' title='bbox 1069 2916 1127 2978; x_wconf 88' lang='lat' dir='ltr'><strong>est</strong></span> <span class='ocrx_word' id='word_1_202' title='bbox 1146 2930 1208 2977; x_wconf 91' lang='lat' dir='ltr'><strong>an-</strong></span> 
     </span>
     <span class='ocr_line' id='line_1_29' title="bbox 112 3004 1208 3111; baseline -0.01 -24"><span class='ocrx_word' id='word_1_203' title='bbox 112 3016 220 3111; x_wconf 85' lang='lat' dir='ltr'><strong>tiqua</strong></span> <span class='ocrx_word' id='word_1_204' title='bbox 247 3013 390 3107; x_wconf 70' lang='lat' dir='ltr'><strong>civitas,</strong></span> <span class='ocrx_word' id='word_1_205' title='bbox 418 3010 563 3105; x_wconf 62' lang='lat' dir='ltr'><strong>dicitur,</strong></span> <span class='ocrx_word' id='word_1_206' title='bbox 594 3010 664 3081; x_wconf 82' lang='lat' dir='ltr'><strong>sit-a</strong></span> <span class='ocrx_word' id='word_1_207' title='bbox 696 3007 732 3079; x_wconf 93' lang='lat' dir='ltr'><strong>in</strong></span> <span class='ocrx_word' id='word_1_208' title='bbox 759 3017 861 3079; x_wconf 90' lang='lat' dir='ltr'><strong>terra</strong></span> <span class='ocrx_word' id='word_1_209' title='bbox 885 3004 1138 3103; x_wconf 65' lang='lat' dir='ltr'><strong>Wagirorum,</strong></span> <span class='ocrx_word' id='word_1_210' title='bbox 1170 3004 1208 3076; x_wconf 90' lang='lat' dir='ltr'><strong>in</strong></span> 
     </span>
     <span class='ocr_line' id='line_1_30' title="bbox 114 3106 1262 3211; baseline -0.01 -23"><span class='ocrx_word' id='word_1_211' title='bbox 114 3114 283 3188; x_wconf 90' lang='lat' dir='ltr'><strong>occiduis</strong></span> <span class='ocrx_word' id='word_1_212' title='bbox 311 3111 478 3211; x_wconf 86' lang='lat' dir='ltr'><strong>partibus</strong></span> <span class='ocrx_word' id='word_1_213' title='bbox 504 3108 662 3183; x_wconf 80' lang='lat' dir='ltr'><strong>Balthici</strong></span> <span class='ocrx_word' id='word_1_214' title='bbox 697 3108 824 3203; x_wconf 71' lang='lat' dir='ltr'><strong>marie,</strong></span> <span class='ocrx_word' id='word_1_215' title='bbox 861 3117 899 3179; x_wconf 90' lang='lat' dir='ltr'><strong>et</strong></span> <span class='ocrx_word' id='word_1_216' title='bbox 933 3116 991 3178; x_wconf 91' lang='lat' dir='ltr'><strong>est</strong></span> <span class='ocrx_word' id='word_1_217' title='bbox 1024 3106 1208 3178; x_wconf 88' lang='lat' dir='ltr'><strong>terminus</strong></span> <span class='ocrx_word' id='word_1_218' title='bbox 1258 3132 1262 3136; x_wconf 91' lang='lat'>·</span> 
     </span>
     <span class='ocr_line' id='line_1_31' title="bbox 114 3205 1209 3305; baseline -0.011 -16"><span class='ocrx_word' id='word_1_219' title='bbox 114 3216 295 3289; x_wconf 74' lang='lat' dir='ltr'><strong>Solaria·</strong></span> <span class='ocrx_word' id='word_1_220' title='bbox 330 3214 409 3286; x_wconf 89' lang='lat' dir='ltr'><strong>Hec</strong></span> <span class='ocrx_word' id='word_1_221' title='bbox 436 3222 562 3285; x_wconf 89' lang='lat' dir='ltr'><strong>autem</strong></span> <span class='ocrx_word' id='word_1_222' title='bbox 590 3209 719 3283; x_wconf 90' lang='lat' dir='ltr'><strong>civitas</strong></span> <span class='ocrx_word' id='word_1_223' title='bbox 740 3207 818 3281; x_wconf 88' lang='lat' dir='ltr'><strong>sive</strong></span> <span class='ocrx_word' id='word_1_224' title='bbox 842 3205 1033 3305; x_wconf 89' lang='lat' dir='ltr'><strong>provincia</strong></span> <span class='ocrx_word' id='word_1_225' title='bbox 1051 3206 1209 3278; x_wconf 89' lang='lat' dir='ltr'><strong>fortissi-</strong></span> 
     </span>
     <span class='ocr_line' id='line_1_32' title="bbox 114 3308 1207 3412; baseline -0.006 -24"><span class='ocrx_word' id='word_1_226' title='bbox 114 3317 189 3403; x_wconf 83' lang='lat' dir='ltr'><strong>mis</strong></span> <span class='ocrx_word' id='word_1_227' title='bbox 218 3315 406 3412; x_wconf 87' lang='lat' dir='ltr'><strong>quondam</strong></span> <span class='ocrx_word' id='word_1_228' title='bbox 432 3312 666 3385; x_wconf 85' lang='lat' dir='ltr'><strong>incolebatur</strong></span> <span class='ocrx_word' id='word_1_229' title='bbox 690 3308 792 3402; x_wconf 60' lang='lat' dir='ltr'><strong>viris7</strong></span> <span class='ocrx_word' id='word_1_230' title='bbox 821 3309 992 3404; x_wconf 88' lang='lat' dir='ltr'><strong>eoquod</strong></span> <span class='ocrx_word' id='word_1_231' title='bbox 1020 3308 1057 3378; x_wconf 94' lang='lat' dir='ltr'><strong>in</strong></span> <span class='ocrx_word' id='word_1_232' title='bbox 1084 3308 1207 3381; x_wconf 82' lang='lat' dir='ltr'><strong>fronte</strong></span> 
     </span>
     <span class='ocr_line' id='line_1_33' title="bbox 113 3408 1208 3511; baseline -0.008 -23"><span class='ocrx_word' id='word_1_233' title='bbox 113 3416 233 3489; x_wconf 88' lang='lat' dir='ltr'><strong>totius</strong></span> <span class='ocrx_word' id='word_1_234' title='bbox 261 3413 409 3488; x_wconf 85' lang='lat' dir='ltr'><strong>Sclavie</strong></span> <span class='ocrx_word' id='word_1_235' title='bbox 435 3412 570 3511; x_wconf 55' lang='lat' dir='ltr'><strong>posita³</strong></span> <span class='ocrx_word' id='word_1_236' title='bbox 606 3409 805 3507; x_wconf 83' lang='lat' dir='ltr'><strong>contiguos</strong></span> <span class='ocrx_word' id='word_1_237' title='bbox 832 3409 989 3482; x_wconf 88' lang='lat' dir='ltr'><strong>haberet</strong></span> <span class='ocrx_word' id='word_1_238' title='bbox 1014 3408 1208 3480; x_wconf 86' lang='lat' dir='ltr'><strong>Danorum</strong></span> 
     </span>
     <span class='ocr_line' id='line_1_34' title="bbox 114 3510 1208 3612; baseline -0.009 -22"><span class='ocrx_word' id='word_1_239' title='bbox 114 3517 197 3590; x_wconf 86' lang='lat' dir='ltr'><strong>sive</strong></span> <span class='ocrx_word' id='word_1_240' title='bbox 223 3514 415 3589; x_wconf 81' lang='lat' dir='ltr'><strong>Saxonum</strong></span> <span class='ocrx_word' id='word_1_241' title='bbox 442 3514 604 3612; x_wconf 90' lang='lat' dir='ltr'><strong>populos</strong></span> <span class='ocrx_word' id='word_1_242' title='bbox 632 3522 669 3585; x_wconf 85' lang='lat' dir='ltr'><strong>et</strong></span> <span class='ocrx_word' id='word_1_243' title='bbox 701 3534 833 3583; x_wconf 88' lang='lat' dir='ltr'><strong>omnes</strong></span> <span class='ocrx_word' id='word_1_244' title='bbox 864 3510 1049 3581; x_wconf 88' lang='lat' dir='ltr'><strong>bellorum</strong></span> <span class='ocrx_word' id='word_1_245' title='bbox 1082 3519 1208 3581; x_wconf 87' lang='lat' dir='ltr'><strong>motus</strong></span> 
     </span>
     <span class='ocr_line' id='line_1_35' title="bbox 113 3609 1212 3716; baseline -0.009 -26"><span class='ocrx_word' id='word_1_246' title='bbox 113 3617 189 3716; x_wconf 88' lang='lat' dir='ltr'><strong>ipsi</strong></span> <span class='ocrx_word' id='word_1_247' title='bbox 218 3628 281 3690; x_wconf 88' lang='lat' dir='ltr'><strong>aut</strong></span> <span class='ocrx_word' id='word_1_248' title='bbox 299 3614 409 3714; x_wconf 89' lang='lat' dir='ltr'><strong>primi</strong></span> <span class='ocrx_word' id='word_1_249' title='bbox 436 3614 617 3687; x_wconf 87' lang='lat' dir='ltr'><strong>inferrent</strong></span> <span class='ocrx_word' id='word_1_250' title='bbox 642 3621 706 3684; x_wconf 87' lang='lat' dir='ltr'><strong>aut</strong></span> <span class='ocrx_word' id='word_1_251' title='bbox 733 3610 816 3684; x_wconf 89' lang='lat' dir='ltr'><strong>aliis</strong></span> <span class='ocrx_word' id='word_1_252' title='bbox 841 3609 1086 3683; x_wconf 87' lang='lat' dir='ltr'><strong>inferentibus</strong></span> <span class='ocrx_word' id='word_1_253' title='bbox 1105 3609 1212 3707; x_wconf 18' lang='lat' dir='ltr'><strong>&#39;exoiss</strong></span> 
     </span>
     <span class='ocr_line' id='line_1_36' title="bbox 112 3709 1210 3817; baseline -0.01 -25"><span class='ocrx_word' id='word_1_254' title='bbox 112 3728 261 3817; x_wconf 89' lang='lat' dir='ltr'><strong>perent.</strong></span> <span class='ocrx_word' id='word_1_255' title='bbox 305 3714 415 3789; x_wconf 85' lang='lat' dir='ltr'><strong>Tales</strong></span> <span class='ocrx_word' id='word_1_256' title='bbox 435 3725 562 3789; x_wconf 87' lang='lat' dir='ltr'><strong>autem</strong></span> <span class='ocrx_word' id='word_1_257' title='bbox 580 3714 618 3785; x_wconf 90' lang='lat' dir='ltr'><strong>in</strong></span> <span class='ocrx_word' id='word_1_258' title='bbox 637 3712 691 3786; x_wconf 87' lang='lat' dir='ltr'><strong>eis</strong></span> <span class='ocrx_word' id='word_1_259' title='bbox 710 3712 934 3808; x_wconf 90' lang='lat' dir='ltr'><strong>quandoque</strong></span> <span class='ocrx_word' id='word_1_260' title='bbox 952 3709 1074 3807; x_wconf 79' lang='lat' dir='ltr'><strong>reguli</strong></span> <span class='ocrx_word' id='word_1_261' title='bbox 1092 3709 1210 3781; x_wconf 85' lang='lat' dir='ltr'><strong>fuisse</strong></span> 
     </span>
     <span class='ocr_line' id='line_1_37' title="bbox 114 3810 1210 3917; baseline -0.01 -26"><span class='ocrx_word' id='word_1_262' title='bbox 114 3820 335 3917; x_wconf 68' lang='lat' dir='ltr'><strong>probantur,</strong></span> <span class='ocrx_word' id='word_1_263' title='bbox 360 3816 423 3913; x_wconf 90' lang='lat' dir='ltr'><strong>qni</strong></span> <span class='ocrx_word' id='word_1_264' title='bbox 442 3815 544 3887; x_wconf 86' lang='lat' dir='ltr'><strong>omni</strong></span> <span class='ocrx_word' id='word_1_265' title='bbox 563 3812 820 3885; x_wconf 87' lang='lat' dir='ltr'><strong>Obotritornm</strong></span> <span class='ocrx_word' id='word_1_266' title='bbox 839 3812 917 3885; x_wconf 87' lang='lat' dir='ltr'><strong>sive</strong></span> <span class='ocrx_word' id='word_1_267' title='bbox 935 3810 1154 3881; x_wconf 89' lang='lat' dir='ltr'><strong>Kicinorum</strong></span> <span class='ocrx_word' id='word_1_268' title='bbox 1173 3819 1210 3883; x_wconf 90' lang='lat' dir='ltr'><strong>et</strong></span> 
     </span>
     <span class='ocr_line' id='line_1_38' title="bbox 115 3908 1210 4015; baseline -0.012 -22"><span class='ocrx_word' id='word_1_269' title='bbox 115 3944 263 4014; x_wconf 68' lang='lat' dir='ltr'><strong>eorum,</strong></span> <span class='ocrx_word' id='word_1_270' title='bbox 291 3917 354 4015; x_wconf 92' lang='lat' dir='ltr'><strong>qui</strong></span> <span class='ocrx_word' id='word_1_271' title='bbox 372 3918 485 4015; x_wconf 83' lang='lat' dir='ltr'><strong>longe</strong></span> <span class='ocrx_word' id='word_1_272' title='bbox 512 3914 735 3989; x_wconf 85' lang='lat' dir='ltr'><strong>remotiores</strong></span> <span class='ocrx_word' id='word_1_273' title='bbox 764 3922 862 4008; x_wconf 53' lang='lat' dir='ltr'><strong>suna</strong></span> <span class='ocrx_word' id='word_1_274' title='bbox 881 3910 1045 3984; x_wconf 90' lang='lat' dir='ltr'><strong>dominio</strong></span> <span class='ocrx_word' id='word_1_275' title='bbox 1071 3908 1210 3983; x_wconf 87' lang='lat' dir='ltr'><strong>fuerint</strong></span> 
     </span>
    </p>
   </div>
   <div class='ocr_carea' id='block_1_7' title="bbox 110 4060 1211 4346">
    <p class='ocr_par' dir='ltr' id='par_1_8' title="bbox 110 4060 1211 4346">
     <span class='ocr_line' id='line_1_39' title="bbox 114 4060 1211 4142; baseline -0.01 -16"><span class='ocrx_word' id='word_1_276' title='bbox 114 4074 140 4142; x_wconf 91' lang='lat' dir='ltr'><strong>l)</strong></span> <span class='ocrx_word' id='word_1_277' title='bbox 160 4074 226 4128; x_wconf 85' lang='lat' dir='ltr'><strong>Post</strong></span> <span class='ocrx_word' id='word_1_278' title='bbox 243 4074 290 4127; x_wconf 85' lang='lat' dir='ltr'><strong>bec</strong></span> <span class='ocrx_word' id='word_1_279' title='bbox 308 4101 339 4111; x_wconf 94' lang='lat'><em>-</em></span> <span class='ocrx_word' id='word_1_280' title='bbox 360 4072 476 4127; x_wconf 77' lang='lat' dir='ltr'><strong>libertati</strong></span> <span class='ocrx_word' id='word_1_281' title='bbox 493 4090 523 4124; x_wconf 84' lang='lat' dir='ltr'><strong>ex</strong></span> <span class='ocrx_word' id='word_1_282' title='bbox 543 4067 640 4122; x_wconf 73' lang='lat' dir='ltr'><strong>Adurni</strong></span> <span class='ocrx_word' id='word_1_283' title='bbox 667 4068 685 4120; x_wconf 89' lang='lat' dir='ltr'><strong>l.</strong></span> <span class='ocrx_word' id='word_1_284' title='bbox 701 4066 738 4121; x_wconf 85' lang='lat' dir='ltr'><strong>ll.</strong></span> <span class='ocrx_word' id='word_1_285' title='bbox 759 4085 783 4122; x_wconf 87' lang='lat' dir='ltr'><strong>c.</strong></span> <span class='ocrx_word' id='word_1_286' title='bbox 796 4066 878 4120; x_wconf 83' lang='grc'><strong>7-9.</strong></span> <span class='ocrx_word' id='word_1_287' title='bbox 1006 4064 1033 4134; x_wconf 81' lang='grc'><strong>2)</strong></span> <span class='ocrx_word' id='word_1_288' title='bbox 1054 4062 1110 4116; x_wconf 84' lang='lat' dir='ltr'><strong>Clr.</strong></span> <span class='ocrx_word' id='word_1_289' title='bbox 1130 4060 1211 4115; x_wconf 80' lang='lat' dir='ltr'><strong>Ada-</strong></span> 
     </span>
     <span class='ocr_line' id='line_1_40' title="bbox 112 4136 1210 4213; baseline -0.009 -14"><span class='ocrx_word' id='word_1_290' title='bbox 112 4164 188 4199; x_wconf 86' lang='lat' dir='ltr'><strong>mom</strong></span> <span class='ocrx_word' id='word_1_291' title='bbox 208 4144 242 4198; x_wconf 86' lang='lat' dir='ltr'><strong>ll.</strong></span> <span class='ocrx_word' id='word_1_292' title='bbox 262 4164 285 4200; x_wconf 93' lang='lat' dir='ltr'><strong>o.</strong></span> <span class='ocrx_word' id='word_1_293' title='bbox 300 4145 345 4199; x_wconf 78' lang='lat'><strong>20.</strong></span> <span class='ocrx_word' id='word_1_294' title='bbox 402 4144 428 4213; x_wconf 81' lang='lat'><strong>3)</strong></span> <span class='ocrx_word' id='word_1_295' title='bbox 447 4145 612 4197; x_wconf 76' lang='lat' dir='ltr'><strong>subactis-</strong></span> <span class='ocrx_word' id='word_1_296' title='bbox 628 4140 677 4193; x_wconf 74' lang='lat' dir='ltr'><strong>tat</strong></span> <span class='ocrx_word' id='word_1_297' title='bbox 698 4158 730 4195; x_wconf 82' lang='lat' dir='ltr'><strong>ox</strong></span> <span class='ocrx_word' id='word_1_298' title='bbox 743 4140 841 4192; x_wconf 79' lang='lat' dir='ltr'><strong>Adami</strong></span> <span class='ocrx_word' id='word_1_299' title='bbox 862 4140 880 4192; x_wconf 90' lang='lat' dir='ltr'><strong>l.</strong></span> <span class='ocrx_word' id='word_1_300' title='bbox 893 4138 927 4192; x_wconf 93' lang='lat' dir='ltr'><strong>ll.</strong></span> <span class='ocrx_word' id='word_1_301' title='bbox 943 4155 967 4190; x_wconf 87' lang='lat' dir='ltr'><strong>c.</strong></span> <span class='ocrx_word' id='word_1_302' title='bbox 983 4136 1026 4189; x_wconf 85' lang='lat'><strong>13.</strong></span> <span class='ocrx_word' id='word_1_303' title='bbox 1081 4136 1108 4206; x_wconf 86' lang='grc'><strong>4)</strong></span> <span class='ocrx_word' id='word_1_304' title='bbox 1127 4136 1210 4204; x_wconf 73' lang='lat' dir='ltr'><strong>Muq-</strong></span> 
     </span>
     <span class='ocr_line' id='line_1_41' title="bbox 110 4208 1208 4346; baseline -0.013 -71"><span class='ocrx_word' id='word_1_305' title='bbox 110 4218 476 4346; x_wconf 49' lang='lat' dir='ltr'><strong>(ieiqqunii5bdmenbm9</strong></span> <span class='ocrx_word' id='word_1_306' title='bbox 494 4235 526 4270; x_wconf 87' lang='lat' dir='ltr'><strong>ex</strong></span> <span class='ocrx_word' id='word_1_307' title='bbox 545 4215 642 4270; x_wconf 86' lang='lat' dir='ltr'><strong>Adam.</strong></span> <span class='ocrx_word' id='word_1_308' title='bbox 662 4215 680 4269; x_wconf 90' lang='lat' dir='ltr'><strong>l.</strong></span> <span class='ocrx_word' id='word_1_309' title='bbox 701 4213 736 4267; x_wconf 91' lang='lat' dir='ltr'><strong>ll.</strong></span> <span class='ocrx_word' id='word_1_310' title='bbox 758 4232 781 4268; x_wconf 85' lang='lat' dir='ltr'><strong>c.</strong></span> <span class='ocrx_word' id='word_1_311' title='bbox 798 4211 838 4266; x_wconf 74' lang='lat' dir='ltr'><strong>ld.</strong></span> <span class='ocrx_word' id='word_1_312' title='bbox 961 4210 987 4279; x_wconf 73' lang='lat'><strong>5]</strong></span> <span class='ocrx_word' id='word_1_313' title='bbox 1007 4208 1088 4265; x_wconf 85' lang='lat' dir='ltr'><strong>Coni.</strong></span> <span class='ocrx_word' id='word_1_314' title='bbox 1107 4209 1208 4262; x_wconf 85' lang='lat' dir='ltr'><strong>ibidem</strong></span> 
     </span>
    </p>
   </div>
   <div class='ocr_carea' id='block_1_8' title="bbox 0 0 1513 4900">
    <p class='ocr_par' dir='ltr' id='par_1_9' title="bbox 0 0 1513 4900">
     <span class='ocr_line' id='line_1_42' title="bbox 0 0 1513 4900; baseline 0 0"><span class='ocrx_word' id='word_1_315' title='bbox 0 0 1513 4900; x_wconf 95' lang='lat' dir='ltr'><strong> </strong></span> 
     </span>
    </p>
   </div>
  </div>
 </body>
</html>
