3000 4900
319 428 389 503 194
440 423 683 500 HELMOLDI
700 420 940 499 CHRONICA
959 379 1225 503 SLAVORUM.
1260 427 1345 509 [ΑΒ.
1362 430 1405 503 ll.

315 652 439 724 suum,
466 650 559 725 quos
578 649 738 725 gravare
763 625 958 724 voluisset,
985 638 1049 699 aut
1074 630 1268 727 suspendit
1286 634 1332 703 ab
1351 632 1404 703 of-

312 726 396 801 ticio
414 738 480 801 aut
497 727 703 801 eliminavit
719 731 766 802 ab
784 727 957 801 ecclesia.
993 729 1252 803 Commonitus
1271 756 1291 805 a
1311 735 1405 807 duce

248 902 252 907 .
312 829 425 903 nichil
443 829 639 903 remissius
659 828 748 927 egit,
765 830 832 901 sed
851 828 1028 902 alienavit
1046 854 1088 903 se
1104 834 1248 926 a'duoe,
1266 841 1304 904 et
1318 857 1405 905 con·

276 987 281 993 .
311 931 503 1004 federatus
522 941 582 1005 est
599 928 897 1028 archiepiscopo,
918 941 1102 1029 quatenns
1122 933 1301 1006 connexis
1320 934 1405 1008 viri·

310 1036 380 1107 bus
398 1031 543 1105 facilius
561 1031 729 1103 vinceret
754 1054 905 1105 omnem
924 1031 1178 1105 resistentem.

386 1132 493 1208 Circa
519 1133 599 1206 dies
624 1130 731 1228 illue,
759 1155 831 1231 quo
860 1131 1021 1232 primum
1050 1142 1245 1243 promotus
1272 1139 1403 1209 estad

310 1234 448 1307 summi
463 1233 660 1307 sacerdotii
679 1235 852 1330 gradum,
868 1256 952 1305 cum
968 1234 1090 1306 adhuc
1105 1235 1328 1309 consisteret
1343 1260 1404 1309 se·

310 1358 377 1409 cus
388 1334 400 1384 ¹
412 1334 784 1433 archiepiscopumin
800 1337 890 1408 urbe
904 1335 1112 1432 Horeborg,
1126 1360 1199 1434 que
1214 1347 1405 1435 estsuper

219 1457 299 1512 1164.
309 1436 410 1536 ripas
429 1436 547 1532 Albie,
570 1435 606 1508 in
633 1458 767 1508 mense
785 1434 998 1531 Februario,
1023 1435 1095 1508 hoc
1114 1446 1174 1510 est
1193 1440 1248 1511 14.
1267 1438 1402 1511 Kalen·

218 1530 298 1587 Fflbf·
310 1540 377 1611 das
396 1535 553 1630 Martii2,
577 1545 657 1609 orta
683 1545 743 1609 est
766 1544 978 1634 tempestas
1004 1536 1165 1610 maxima
1189 1549 1401 1637 ventorum,

247 1605 290 1664 ¹⁶·
308 1638 487 1736 procelle,
513 1637 702 1734 fulgurum
721 1636 929 1711 coruscatio
950 1647 988 1710 et
1005 1637 1155 1710 tonitrui
1175 1639 1316 1739 fragor,
1340 1640 1401 1737 qui

309 1738 453 1837 passim
471 1738 609 1832 multas
629 1739 719 1810 edes
735 1748 799 1810 aut
813 1736 978 1811 incendit
996 1749 1059 1812 aut
1073 1741 1228 1838 subruit,
1245 1740 1401 1839 insuper

309 1850 412 1913 tanta
438 1838 553 1913 maris
577 1838 777 1912 exundatio
805 1842 934 1913 oborta
961 1849 1040 1934 est,
1072 1851 1210 1939 quanta
1236 1866 1313 1913 non
1342 1852 1400 1915 est

309 1942 431 2014 andita
451 1965 472 2014 a
491 1939 621 2014 diebus
637 1939 813 2037 antiquis,
832 1962 905 2038 que
919 1938 1072 2014 involvit
1089 1965 1242 2014 omnem
1259 1952 1398 2016 terram

306 2042 534 2115 maritimam
547 2040 688 2133 Fresie,
706 2041 892 2115 Hathelen
912 2051 949 2114 et
967 2063 1119 2114 omnem
1138 2052 1277 2115 terram
1296 2044 1400 2141 palu·

308 2153 425 2215 strem
455 2141 561 2215 Albie
593 2152 631 2213 et
655 2140 802 2215 Wirre³
836 2151 873 2215 et
904 2142 1072 2215 omnium
1102 2139 1399 2242 fluminumque

307 2245 540 2317 descendunt
549 2242 585 2315 in
596 2266 781 2315 oceanum
792 2266 910 2341 mare,
925 2246 1169 2317 etsubmersa
1185 2255 1271 2318 sunt
1281 2246 1401 2318 multa

306 2344 406 2418 milia
426 2344 620 2418 homiuum
641 2352 679 2417 et
696 2342 963 2436 iumentorum,
985 2368 1144 2442 quorum
1163 2369 1237 2418 non
1255 2356 1313 2418 est
1330 2371 1399 2419 nu·
1488 2422 1489 2453 ,

305 2471 446 2521 merus.
481 2445 617 2535 Quanti
637 2444 785 2544 divites,
811 2444 951 2544 quanti
966 2456 1140 2543 potentes
1159 2471 1320 2546 vespere
1340 2472 1401 2521 se·
1487 2497 1488 2529 t

306 2551 443 2621 debant
469 2557 508 2620 et
531 2547 673 2619 deliciis
692 2543 909 2644 affluebant,
936 2546 1039 2619 omni
1056 2548 1192 2622 timore
1212 2549 1398 2622 matorum

306 2650 467 2745 Sublato,
484 2650 549 2722 sed
567 2647 722 2721 veniens
742 2648 936 2748 repentina
953 2648 1147 2722 calamitas
1162 2649 1317 2722 involvit
1331 2674 1398 2724 eos
1485 2661 1486 2691 1

304 2749 343 2822 in
367 2748 503 2824 mediis
520 2744 712 2822 fluctibus!
813 2828 816 2834 ¹

380 2853 414 2926 2.
432 2853 574 2924 Eadem
589 2849 661 2947 die,
676 2874 748 2949 qna
760 2847 946 2922 maritime
960 2849 1137 2947 regiones
1148 2851 1279 2924 oceani
1294 2861 1396 2925 tanta
1482 2925 1483 2931 ,

305 2952 410 3026 clade
424 2974 585 3051 pervase
605 2962 706 3048 sunt,
723 2950 857 3023 accidit
871 2961 1018 3048 strages
1035 2976 1173 3049 magna
1189 2953 1226 3024 in
1247 2952 1395 3025 civitate
1481 2999 1482 3009 1

304 3053 524 3134 Sclavorum
543 3052 811 3149 Mikelenburg.
849 3052 1096 3125 Wertizlavus
1125 3054 1238 3150 enim,
1264 3051 1393 3126 Nicloti

303 3152 402 3227 filius
427 3153 562 3250 iunior,
587 3153 649 3252 qui
673 3156 872 3226 tenebatur
895 3152 931 3224 in
959 3152 1116 3227 vinculis
1140 3153 1395 3250 Brnneswich,
1478 3195 1479 3250 ,

304 3254 508 3351 mandavit,
533 3264 573 3327 ut
598 3253 742 3349 dicitur,
770 3252 973 3328 Pribizlavo
1000 3254 1103 3327 fratri
1129 3278 1198 3328 suo
1218 3280 1287 3354 per
1304 3280 1397 3328 nuu-
1477 3263 1478 3268 ’

305 3355 398 3452 cios,
423 3355 572 3430 dicens:
606 3355 664 3428 En
681 3378 746 3451 epo
765 3355 1056 3428 teneor'vinculis
1073 3358 1205 3430 eternis
1221 3355 1396 3452 inclama,

305 3463 343 3529 et
354 3463 393 3529 tu
406 3457 626 3554 nepliqenter
638 3456 745 3553 opis?
774 3453 918 3552 Eripite
932 3462 968 3529 et
978 3458 1109 3530 enitere
1123 3464 1231 3554 atque
1243 3456 1397 3530 viriliter

306 3581 374 3654 ape
392 3565 437 3654 et,
456 3556 556 3655 quod
568 3581 662 3651 pace
674 3580 749 3631 non
761 3563 879 3653 potes,
899 3560 1014 3631 armis
1026 3563 1208 3655 extorque.
1238 3556 1323 3631 Non
1340 3581 1397 3631 re·

305 3661 458 3756 copitar,
483 3657 583 3756 quod
599 3665 711 3752 pater
735 3664 860 3732 noster
875 3655 1053 3756 Niolotus,
1079 3681 1162 3731 cum
1178 3659 1397 3755 Lunenburp
1460 3655 1461 3664 ’

305 3767 484 3833 teneretur
497 3762 534 3833 in
547 3757 728 3855 custodia,
738 3781 851 3855 neque
857 3783 967 3852 prece
977 3763 1252 3857 nequepecum'a
1264 3758 1397 3834 redimi

298 3862 446 3956 potuit?
468 3861 667 3958 Postquam
677 3868 800 3933 autem
808 3861 954 3934 uirtutis
965 3863 1137 3935 instinctu
1151 3862 1396 3955 corripuimus

304 3986 411 4036 arma
426 3970 463 4035 et
472 3964 625 4050 fecimus
637 3959 806 4034 incendia
823 3968 859 4034 et
876 3965 1089 4036 exterminia
1102 3962 1259 4059 urbium,
1275 3986 1396 4036 nonne

304 4134 330 4198 tt
348 4135 367 4190 i.
388 4155 411 4190 e.
432 4137 518 4207 apud;
547 4135 582 4188 cf.
601 4128 839 4204 Francugatlorum
858 4136 929 4191 elaea.
1020 4135 1047 4208 2)
1068 4131 1146 4188 cont.
1166 4133 1238 4191 Aun.
1257 4133 1344 4189 Palid.
1367 4144 1395 4189 et

302 4205 437 4279 Magdeb„
463 4208 534 4263 Auo.
554 4206 612 4262 Col.
632 4225 701 4263 max.
720 4225 745 4262 a.
767 4207 846 4275 1164,
871 4209 917 4278 qui
938 4225 1037 4264 omnes
1057 4211 1171 4263 eundern
1192 4209 1263 4263 diem
1284 4225 1396 4263 merno-

302 4291 370 4338 raut.
443 4281 471 4350 3)
491 4282 536 4337 dic
557 4280 665 4342 wesen
685 4282 756 4338 coni.
776 4282 794 4338 1.
815 4282 836 4336 Ι.
856 4299 914 4352 cap.
935 4281 1003 4336 151.
