3000 4900
266 421 341 496 214
392 417 638 511 HELMOLDI
655 416 899 538 CHRQNlCA
916 417 1184 493 SLAVORUM.
1220 416 1305 490 LlB.
1325 415 1369 489 ΙΙ.

347 622 405 695 12.
432 618 688 694 Deleantevit
702 619 932 691 Rutenorum
946 617 1181 691 simulachro.
1208 617 1258 695 ln
1272 628 1367 690 tem·

267 745 359 819 pore
382 721 444 793 illo
477 720 724 817 congregavit
748 719 1032 807 Waldemarus
1063 742 1129 791 rex
1161 721 1365 811 Danorum⁷

269 822 475 895 exercitum
498 823 684 918 grandem
707 830 746 892 et
764 843 881 893 naves
902 818 1053 913 multas⁷
1081 830 1121 891 ut
1147 819 1217 893 iret
1235 819 1272 890 in
1293 828 1366 891 ter·
1477 870 1478 891 .

268 948 349 1005 ram
369 922 627 1019 Rugianorum
652 924 697 994 ad
718 921 995 1016 subiugandum
1016 933 1099 993 eam
1121 920 1200 993 sibi.
1242 921 1286 994 Et
1305 920 1368 991 ad·

267 1023 444 1096 iuverunt
461 1046 549 1095 eum
569 1022 798 1095 Kazemarus
823 1030 861 1093 et
879 1020 1157 1133 Buggezlavus‚
1180 1018 1369 1117 principes
1400 1028 1405 1037 '

269 1124 580 1216 Pomeranorum
606 1131 644 1195 et
661 1119 889 1196 Pribizlavus
907 1122 1084 1219 princeps
1101 1120 1369 1214 monitorum,

270 1248 316 1297 eo
336 1225 433 1322 quod
453 1225 674 1296 mandasset
699 1224 772 1296 dux
797 1220 941 1294 Sclavis
969 1222 1070 1293 ferre
1090 1220 1268 1293 auxilium
1288 1220 1371 1316 regi
1478 1244 1479 1253 ¹

269 1326 476 1420 Bonorum,
503 1324 715 1436 ubicunque
742 1324 838 1394 forte
860 1346 1013 1394 manum
1034 1322 1267 1395 admovisset
1285 1324 1371 1393 sub·

269 1423 443 1537 iugandis
464 1422 849 1511 exterisnationibus.
890 1423 1158 1519 Prosperatum
1183 1432 1241 1495 est
1259 1421 1373 1517 igitur

271 1549 368 1637 opus
388 1525 425 1595 in
446 1524 618 1598 manibus
642 1523 744 1621 regis
765 1502 970 1669 Dacorum,
1000 1534 1037 1595 et
1056 1522 1213 1597 obtinuit
1230 1533 1372 1597 terram

269 1624 566 1721 Rugianorum
556 1650 594 1695 m
625 1648 739 1697 manu
768 1621 996 1720 potentisse
977 1626 1219 1697 et-dederunt
1243 1623 1276 1699 ei
1304 1645 1371 1719 pro

270 1750 329 1799 sur
319 1724 610 1822 redemptione
637 1724 811 1822 quioquid
837 1747 904 1795 rex
923 1722 1179 1821 imposuisset.
1222 1724 1266 1797 m
1285 1722 1374 1795 lecit

271 1822 1373 1925 producisimulachrumilludantiquissirnumZvantevith,

272 1927 371 2023 quod
391 1926 584 1999 colebatur
602 1931 647 2000 ab
667 1926 770 1997 omni
790 1924 941 1998 natione
957 1924 1192 2020 sclavorum.
1212 1936 1251 1999 et
1264 1923 1375 1996 iussit

272 2025 368 2099 mitti
392 2024 522 2098 funem
542 2026 579 2100 in
599 2026 694 2099 eollo
716 2024 797 2099 eius
818 2036 856 2099 et
873 2024 970 2099 trahi
996 2048 1065 2123 per
1083 2026 1249 2099 medium
1269 2047 1375 2099 exer·
1480 2054 1481 2071 .

273 2126 387 2200 citum
407 2126 444 2198 in
464 2126 582 2199 oculis
601 2126 838 2221 Sclarorum,
858 2137 895 2198 et
915 2125 1101 2199 frustatim
1122 2126 1316 2200 concisum
1336 2124 1374 2197 in

270 2228 400 2323 ignem
421 2226 527 2299 mitti.
555 2226 803 2301 Et‘destruxit
821 2229 950 2299 fanum
971 2250 1056 2297 cum
1072 2227 1174 2299 omni
1189 2226 1374 2323 religione

195 2394 198 2399 .
273 2351 342 2401 sua
362 2337 400 2400 et
419 2328 583 2399 erarium
602 2327 772 2424 locuples
793 2326 953 2424 diripuit.
988 2326 1032 2398 Et
1046 2329 1227 2426 precepit‚
1247 2337 1287 2399 ut
1302 2326 1375 2400 dis-

163 2494 166 2501 .
272 2429 452 2502 cederent
477 2430 523 2504 ab
550 2430 739 2505 erroribus
768 2428 860 2521 suis.
887 2426 924 2498 in
951 2427 1085 2525 quibus
1111 2428 1189 2502 nati
1212 2429 1375 2524 fuerant,
1481 2459 1482 2534 p

274 2540 312 2602 et
329 2541 573 2602 assumerent
591 2532 731 2604 cultum
751 2530 831 2603 veri
850 2528 931 2602 uei.
962 2529 1007 2601 llt
1026 2529 1126 2603 dedit
1144 2539 1319 2629 sumptus
1338 2529 1376 2602 in

275 2628 420 2703 edificia
440 2629 702 2729 ecclesiarum,
727 2643 766 2704 et
785 2640 912 2704 erecte
931 2639 1020 2701 sunt
1038 2631 1236 2704 duodecim
1258 2631 1377 2703 eccle-

275 2731 331 2805 sie
346 2730 383 2802 in
397 2740 499 2803 terra
513 2730 771 2828 Rugianorum
786 2742 823 2806 et
838 2729 1028 2804 constituti
1042 2742 1130 2804 sunt
1144 2734 1378 2827 sacerdotes,

275 2831 337 2928 qui
360 2841 540 2928 gererent
561 2832 689 2929 populi
713 2855 843 2905 curam
871 2830 907 2902 in
928 2830 999 2903 hiis
1019 2855 1091 2929 que
1110 2831 1180 2904 Dei
1199 2842 1297 2906 sunt.
1334 2833 1380 2904 Et

274 2931 467 3014 affuerunt
497 2931 571 3003 illic
603 2931 801 3031 pontifices
832 2932 997 3007 Absalon
1029 2935 1075 3005 de
1108 2932 1309 3006 Roschilde
1341 2942 1380 3004 et

275 3033 400 3106 Berno
427 3034 474 3104 de
502 3033 729 3132 Magnopoli.
778 3034 837 3106 llii
862 3031 1086 3107 adiuverunt
1110 3057 1246 3106 manus
1274 3031 1377 3130 regis

277 3155 363 3204 cum
386 3132 490 3204 omni
510 3133 716 3230 diligeritis,
735 3146 776 3208 ut
790 3133 1010 3208 fundaretur
1025 3133 1146 3206 cultus
1161 3138 1295 3206 domus
1310 3133 1378 3209 Dei

276 3230 395 3305 nostri
409 3231 446 3304 in
467 3233 619 3306 natione
637 3258 754 3332 prava
773 3245 886 3333 atque
903 3231 1119 3331 perversa2.
1148 3235 1238 3307 Erat
1250 3244 1377 3308 autem

276 3344 367 3405 tunc
385 3334 568 3447 temporis
586 3335 763 3433 princeps
784 3334 1039 3450 Rugianorum
1060 3334 1118 3406 vir
1133 3335 1266 3408 nobilis
1283 3336 1380 3408 lare-

281 3457 424 3531 marus,
450 3433 512 3530 qni
539 3436 664 3509 audita
689 3437 770 3511 veri
796 3436 866 3511 Dei
885 3435 1029 3508 cultura
1049 3446 1088 3508 et
1104 3433 1178 3509 lide
1198 3435 1382 3509 catholica

283 3534 460 3649 alacriter
483 3538 528 3609 ad
547 3537 734 3635 baptisma
755 3534 1005 3632 convolavit³‚
1032 3537 1245 3635 precipiens
1265 3535 1383 3610 omni·

279 3639 349 3710 bus
376 3634 455 3709 suis
483 3636 616 3734 etiam,
643 3662 775 3712 seeum
803 3661 912 3712 sacro
939 3638 1167 3734 baptismate
1194 3637 1380 3711 r.enorari

278 3734 366 3849 lpse
380 3760 470 3810 vero
485 3735 608 3813 lactus
628 3738 855 3813 christianus
870 3749 946 3836 tam
963 3737 1000 3810 in
1015 3735 1089 3812 fide
1101 3737 1247 3812 firmus
1241 3763 1380 3836 quam

279 3837 318 3910 in
345 3837 601 3934 predicatione
628 3850 710 3913 erat
730 3840 895 3937 stabilis
923 3850 964 3912 ut
990 3842 1200 3913 secundum
1224 3838 1381 3913 Paulum

281 4035 306 4108 1)
327 4054 397 4091 anno
419 4036 504 4102 tto&
530 4039 601 4096 conl.
622 4039 692 4094 intre
711 4057 770 4111 cap.
793 4039 836 4094 13.
909 4040 937 4110 2)
955 4045 1028 4095 natio
1044 4054 1130 4108 praua
1149 4045 1227 4111 atque
1244 4046 1381 4110 peruersa,

282 4109 396 4181 Philipp.
416 4129 441 4165 e.
459 4111 487 4166 2.
507 4128 531 4167 r.
553 4113 595 4166 15.
616 4111 759 4167 Generatio
777 4129 862 4181 mauu
882 4119 908 4167 ct
923 4129 1058 4183 peruersa,
1076 4109 1187 4166 Denter.
1208 4121 1231 4167 e'.
1247 4111 1292 4165 32.
1313 4129 1338 4166 v.
1354 4111 1381 4164 5.

198 4235 207 4252 ‚
280 4180 542 4326 {figazffi'nqmz
562 4204 588 4240 r.
608 4184 650 4240 17.
763 4183 844 4256 3)v
865 4183 936 4242 Anu.
963 4185 1060 4254 Magdt
1054 4185 1139 4300 burg.
1160 4202 1184 4240 ι.
1204 4183 1283 4240 1167.
1309 4182 1381 4238 Anu.
