3000 4900
183 405 428 479 uuuuonut
447 404 688 480 CHRONlGA
707 404 976 481 SLAVORUM.
1003 404 1089 479 utu.
1104 406 1130 477 Ι.
1188 408 1256 481 151
1356 398 1359 407 ’

155 608 219 677 aia
247 608 359 701 ipitur
388 609 592 679 memorata
623 592 820 701 sacerdoti,
852 613 895 678 ut
917 606 1068 679 celerius
1092 605 1260 699 suppleat

155 704 260 801 qaod
285 705 477 801 subtraxit,
504 709 591 802 quia
616 710 724 778 edam
748 706 818 779 boc
846 705 1035 803 autumes,
1062 712 1105 779 ut
1130 729 1259 779 nouem

156 808 295 894 officia·
312 805 456 899 eapieat
470 814 561 899 pust
575 830 641 879 me.
680 809 725 879 Et
743 807 814 881 hiis
843 806 951 879 dictis
976 806 1147 879 recessit.
1190 806 1258 879 Ubi

157 906 269 1002 igitur
294 907 469 979 nunciat-a
497 917 585 980 sunt
605 908 683 980 «hec
708 906 912 1004 sacerdoti,
948 906 1038 979 abiit
1060 907 1256 981 Falderam

153 1007 357 1079 consulere
377 1030 494 1104 super
508 1012 622 1081 verbo
637 1008 720 1079 hoc.
747 1008 1007 1103 Interrogatus
1021 1016 1148 1081 autem
1169 1029 1257 1079 con·

154 1106 284 1180 fessus
309 1118 368 1180 est
387 1107 536 1205 colpam
564 1107 663 1179 iuxta
684 1132 902 1181 sermonem
923 1107 991 1180 viri
1012 1108 1096 1203 uei,
1121 1105 1257 1205 promi-

153 1207 280 1304 sitque
300 1207 610 1280 meliorationem.
654 1208 768 1280 Porro
796 1212 841 1281 de
861 1232 997 1281 novem
1018 1206 1150 1280 officiis
1171 1218 1257 1304 post

154 1332 245 1378 eum
260 1332 281 1380 a
299 1311 495 1380 sacerdote
513 1308 760 1405 complendis,
776 1308 883 1383 nobis
898 1309 1048 1381 diversa
1063 1330 1256 1381 commen·
1297 1368 1311 1392 ,

153 1409 332 1504 tantibus⁷
357 1408 497 1480 veritas
515 1406 706 1504 incognita
725 1408 805 1504 fnit7
833 1412 898 1482 sed
919 1408 973 1480 rei
994 1418 1153 1481 eventus
1172 1430 1257 1479 ver·

153 1512 258 1603 bum,
282 1511 379 1605 quod
402 1508 554 1604 latebat7
578 1509 687 1581 citios
710 1509 868 1607 aperuit.
904 1510 1008 1582 ldem
1028 1508 1127 1581 enim
1147 1531 1256 1605 pres·

154 1607 252 1681 biter
269 1633 406 1682 novem
426 1619 516 1707 post·
531 1609 751 1706 episcopum
772 1609 1040 1682 ebdomadibus
1058 1608 1163 1704 vixit,
1192 1610 1256 1681 de·

151 1709 414 1806 claratumqne
430 1719 489 1781 est
502 1708 736 1807 septimanas
753 1709 884 1783 officiis
900 1710 1151 1807 presignatas.
1179 1707 1253 1781 Sed

154 1819 194 1881 et
221 1809 292 1882 hoc
320 1833 619 1882 commemorare
646 1810 793 1882 devotio
820 1813 1044 1907 persuadet,
1072 1811 1169 1906 quod
1197 1808 1255 1879 vir

151 1908 387 1983 clarissimus
407 1911 525 2007 Eppn,
544 1908 708 2007 pontifici
729 1934 796 2007 pro
816 1910 890 1981 vite
910 1910 1123 1982 reverentia
1143 1908 1252 1981 valde

153 2010 348 2083 familiaris
377 2010 558 2107 existens,
586 2009 905 2083 inconsolabiliter
929 2010 1083 2107 lugebat
1102 2033 1169 2107 pro
1189 2012 1253 2081 de·

152 2110 269 2182 functi
291 2110 407 2223 patris
426 2111 608 2184 absentia
640 2109 746 2224 Quod
767 2134 851 2183 cum
873 2109 998 2183 multis
1018 2110 1149 2183 diebus
1164 2132 1253 2206 age·

151 2221 211 2281 tet
213 2234 335 2308 sepe
354 2210 475 2283 dictos
494 2211 710 2308 pontifex
677 2211 810 2308 virgini
803 2211 972 2283 cuidam
990 2220 1094 2283 caste
1110 2220 1149 2281 et
1163 2210 1252 2282 sim·

151 2311 268 2409 plici
259 2336 295 2382 m
316 2310 487 2409 sompnis
507 2311 625 2384 astitit
642 2311 790 2385 dicens:
824 2310 893 2382 llic
910 2313 991 2398 frat
991 2334 1023 2382 rt
1017 2314 1166 2383 nostro
1180 2308 1253 2401 Ep·

147 2414 252 2528 puni,
277 2414 451 2508 quatinus
474 2418 589 2485 cesset
598 2413 706 2529 nnete,
731 2413 819 2508 quia
839 2410 924 2484 bene
941 2434 1079 2506 sturme
1061 2408 1253 2526 ettletibus

150 2515 230 2584 eius
248 2511 438 2610 condoleo,
455 2536 534 2585 ecce
547 2516 641 2585 enim
654 2512 831 2604 lacrimas
848 2515 925 2584 eius
938 2515 976 2583 in
992 2510 1150 2583 uestibus
1163 2511 1253 2582 meis

147 2619 270 2706 porto.
307 2613 460 2693 Dixerat
478 2614 563 2711 hec
587 2623 626 2686 et
644 2612 859 2686 ostendit
826 2637 860 2684 er
879 2623 1026 2690 vestem
1046 2611 1144 2684 nivei
1165 2635 1252 2683 can-

149 2713 253 2785 doris
282 2723 399 2785 totam
432 2668 635 2786 lacrimis
625 2738 662 2785 1n
666 2714 801 2786 f.usam
844 2701 938 2800 Quid
968 2712 1088 2785 dicam
1117 2715 1163 2785 de
1189 2711 1251 2782 illo

152 2813 260 2887 nobis
289 2814 502 2908 notissimo,
528 2815 633 2886 coitis
660 2813 852 2911 supprimo
880 2836 1038 2906 nomem
1071 2813 1119 2884 ita
1149 2811 1250 2884 enim

149 2913 304 3011 placuit
330 2939 375 2986 eo
405 2918 502 3011 quod
531 2915 653 2987 adhuc
678 2923 875 3010 superstes
902 2912 962 3008 sit,
990 2923 1027 2984 et
1045 2911 1147 2985 habit
1133 2922 1186 2983 tet
1212 2911 1250 2981 in

150 3014 321 3109 Falderaq
343 3015 508 3112 velitque
527 3015 657 3087 latere.
692 3014 761 3085 Hie
780 3024 865 3111 post
883 2967 1045 3084 moitem
1065 3010 1251 3124 pontificis

151 3117 314 3186 necdum
355 3115 512 3211 expletis
548 3114 699 3227 triginta
737 3114 885 3209 diebus.
924 3113 1062 3185 audivit
1094 3135 1181 3185 eum
1212 3110 1250 3182 in

150 3215 298 3290 sisione
318 3214 518 3312 dicentem,
533 3215 741 3312 repositam
758 3214 828 3292 sibi
849 3183 1017 3312 requiem
1034 3237 1118 3284 eum
1134 3213 1252 3284 famo-

148 3315 307 3388 sissimo
321 3315 585 3388 illoBernardo
601 3313 881 3390 Clarevallensi
908 3313 972 3388 Cui
993 3337 1078 3385 com
1095 3313 1250 3386 diceret:

152 3414 302 3488 Utinam
326 3439 391 3488 uos
417 3417 578 3488 essetis
566 3439 602 3487 cn
629 3415 771 3510 requie!
797 3413 859 3485 ille
887 3413 1102 3511 respondit:
1147 3411 1250 3506 Sum,

150 3514 218 3588 uu
247 3517 455 3612 prutia‚et
420 3539 544 3588 euos
545 3513 715 3688 tquidem
740 3512 944 3586 credidistis
972 3538 1028 3585 nte
1053 3519 1248 3585 mortuum

151 3615 231 3713 Epa
259 3623 327 3688 aut
326 3641 380 3688 ern
405 3617 543 3711 uiuae
545 3623 724 3710 tsemper
743 3639 815 3710 pos
817 3621 874 3687 teu
898 3616 981 3686 uiui.
1026 3613 1139 3686 Grata
1167 3637 1250 3711 pro·

149 3717 250 3790 fecto
279 3741 350 3790 nec
376 3740 539 3789 onerosa
572 3715 638 3790 liet
673 3720 808 3789 devoto
834 3715 979 3786 lectori
994 3713 1102 3786 unius
1129 3714 1251 3786 adhuc

148 3818 207 3890 rei
232 3816 448 3914 descriptio7
502 3841 589 3890 uam
614 3817 651 3889 in
670 3817 820 3889 landem
840 3815 908 3888 Dei
938 3824 975 3887 et
998 3815 1034 3885 in
1060 3837 1252 3887 commen·

150 3919 342 4010 dationem
369 3845 555 4015 pontibcis
582 3917 699 3989 nostri
727 3927 876 4013 gestam
897 3915 1099 3988 multorom
1119 3919 1252 4012 probat

151 4018 291 4091 notitia.
340 4021 429 4091 Erat
459 4019 496 4090 in
527 4017 743 4093 Falderensi
774 4016 967 4113 parrochia
998 4015 1146 4089 invilla
1178 4038 1251 4112 que

151 4119 512 4216 dieiturttorgene1
544 4128 716 4192 matrona
745 4119 905 4215 quedam
932 4115 1153 4213 Adelburgis
1188 4139 1254 4187 no-

152 4237 178 4310 1)
198 4235 281 4292 Gross
301 4246 329 4292 et
347 4236 428 4290 Klein
448 4235 548 4291 Hatria
566 4238 594 4292 in
614 4236 742 4310 parocbia
764 4231 951 4288 Neumtioster.
