3000 4900
261 454 309 525 72
375 445 619 522 HELMOLDI
637 446 880 522 CHRONICA
899 445 1167 521 SLdVORUM.
1193 446 1280 522 ΗΒ.
1299 447 1325 520 1.

268 651 505 749 preclnderet
536 671 711 742 ornnem,
743 647 808 721 ilie
839 647 999 721 conecto
1031 650 1078 721 de
1108 647 1225 722 Danis
1258 647 1375 721 simut

267 761 379 849 atque
399 750 545 824 Sclavis
573 748 728 822 navium
748 769 921 846 numero,
949 749 1140 862 percussit
1155 749 1374 846 Aidenhurg

271 863 308 925 et
325 875 493 924 omnem
499 848 731 924 maritimam
752 849 973 927 Sclavorum
993 849 1267 948 provinciam,
1254 849 1374 922 duxit-

259 976 338 1050 que
364 955 409 1024 de
436 951 492 1024 eis
522 949 705 1024 infinitam
732 952 919 1047 predam.
944 951 990 1023 Et
1008 973 1093 1022 curn
1111 950 1186 1022 hoc
1204 951 1372 1023 secundo

267 1064 304 1126 et
329 1051 440 1124 tertio
464 1051 634 1146 fecisset
661 1051 783 1122 factus
804 1060 865 1123 est
881 1050 994 1124 timor
1008 1075 1171 1148 magnus
1195 1050 1373 1124 omnibus

246 1149 488 1228 'suavorum
514 1106 663 1266 populis
688 1149 835 1224 insutas
862 1161 900 1224 ct
925 1151 1013 1224 litus
1038 1152 1155 1230 maris
1174 1151 1374 1227 habitanti·

268 1259 352 1348 bus,
376 1257 472 1326 adeo
499 1263 541 1324 nt
563 1253 648 1350 ipse
669 1252 785 1337 Cruto
804 1262 932 1349 preter
950 1276 1061 1350 spem
1084 1253 1300 1326 Heinricum
1324 1256 1372 1326 ad

268 1355 374 1453 pucis
395 1352 649 1426 conditionem
674 1351 902 1446 admitteret,
931 1363 968 1424 et
993 1376 1178 1427 concesso
1205 1353 1372 1451 introitu,

268 1455 376 1528 villas
398 1455 431 1528 ei
447 1453 678 1552 opportunas
698 1455 744 1526 ad
765 1452 1010 1527 habitandum
1031 1456 1268 1539 concederet.
1293 1455 1373 1528 Neo

268 1566 397 1630 tamen
417 1556 489 1627 hoc
507 1553 587 1650 egit
606 1554 754 1626 sincera
769 1552 995 1630 intentione:
1016 1554 1135 1626 virum
1152 1554 1252 1628 enirn
1268 1554 1373 1628 iuve-

262 1661 372 1749 nem,
390 1656 527 1727 fortem
547 1665 583 1728 et
598 1653 833 1751 bellicosum,
853 1679 964 1752 quem
981 1680 1015 1726 vr
1008 1654 1222 1770 nequibat,
1241 1657 1374 1730 fraude

270 1757 485 1854 opprimere
504 1754 700 1902 gestiebat.
728 1755 834 1828 Unde
852 1756 965 1828 etiarn
980 1780 1050 1853 per
1061 1755 1161 1829 anter
1163 1755 1263 1829 strtra
1277 1767 1373 1830 tem-

262 1881 404 1956 porum
424 1853 633 1930 accuratis1
654 1854 835 1929 conviviis
860 1856 1027 1929 animum
1042 1857 1123 1930 eins
1139 1858 1374 1956 explorabat

271 1968 531 2056 pertemptans
559 1967 812 2055 oppurtunum
838 1955 982 2030 insidiis
1007 1958 1145 2033 locum.
1185 1914 1374 2053 mittini

271 2061 481 2131 cavendnm
514 2081 588 2130 nec
615 2057 814 2130 consilium
848 2082 920 2130 nec
946 2058 1019 2131 doli
1050 2060 1217 2142 deerant.
1274 2060 1369 2132 Nam
1401 2094 1404 2098 ⁴

271 2162 409 2232 domna
427 2157 592 2255 Slavina,
616 2181 710 2229 uxor
731 2157 921 2253 Crutonis,
941 2158 1070 2257 sepius
1093 2159 1197 2232 illurn
1222 2183 1373 2256 premu-

271 2259 375 2355 nivit,
402 2259 633 2332 denuncians
660 2258 827 2332 insidias.
870 2259 1040 2356 Denique
1059 2260 1194 2332 marito
1213 2262 1288 2333 iarn
1307 2285 1372 2333 ve-

269 2359 373 2433 tuto
364 2358 499 2457 invisa,
514 2359 702 2454 Heinrico,
712 2383 743 2432 sr
736 2358 934 2463 possibile
944 2361 1055 2458 foret
1066 2365 1208 2435 nubere
1218 2361 1372 2435 aflecta

270 2466 343 2535 bat.
371 2462 476 2534 Unde
496 2462 609 2533 etiam
628 2460 687 2535 ins
689 2459 809 2535 tinctu
827 2455 996 2535 eiusdem
1016 2462 1156 2541 femine
1172 2464 1373 2537 Heinricus

270 2561 443 2633 invitavit
465 2556 669 2636 Crn'tonem
695 2563 742 2634 ad
766 2561 993 2658 convivium,
1021 2588 1133 2661 quem
1162 2564 1278 2636 multa
1306 2588 1373 2663 po-

270 2662 373 2735 tioue
397 2663 661 2775 temulentum,
682 2685 767 2734 curn
789 2639 1058 2736 ιιειιιιιιίιιιιι2
1048 2690 1084 2741 ιιι
1105 2689 1179 2761 quo
1197 2666 1373 2750 bibebant

271 2762 450 2835 incurvus
472 2762 602 2857 exiret,
629 2764 758 2837 Danns
777 2764 927 2877 quidam
948 2788 1073 2837 secun
1065 2765 1315 2863 percussit³,
1336 2778 1373 2839 et

181 2879 262 2940 1093.
273 2886 348 2936 uno
368 2863 441 2935 ictu
461 2874 574 2961 caput
593 2864 812 2962 amputarit
847 2866 893 2937 Et
911 2866 1057 2979 accepit
1076 2866 1273 2940 Heinricus
1293 2867 1374 2941 Sla-

272 2964 400 3037 vinam
420 2964 456 3035 in
474 2988 645 3061 uxorem,
665 2975 700 3039 et
721 2965 882 3037 obtinuit
896 2966 1146 3064 principatum
1162 2978 1201 3040 et
1217 2977 1371 3044 terram.

162 3065 164 3067 ’
273 3064 557 3178 Occupavitque
570 3064 814 3159 munitiones,
828 3090 922 3164 quus
940 3068 1070 3140 habuit
1088 3078 1175 3141 ante
1191 3070 1316 3165 Cruto,
1336 3081 1374 3142 et

271 3164 430 3239 reddidit
451 3166 623 3239 hostibus
643 3166 721 3251 suis
743 3168 934 3240 ultionem.

346 3265 846 3342 Accessitetiamadducem
859 3269 1052 3366 Magnum.
1064 3294 1110 3342 eo
1125 3272 1373 3369 quodcogna·

271 3376 333 3439 tus
354 3367 435 3440 eius
455 3364 594 3457 esset⁴,
614 3378 651 3441 et
668 3368 934 3465 magnificatus
953 3380 1013 3443 est
1031 3374 1129 3483 apud
1150 3395 1250 3469 eum,
1269 3372 1373 3445 fecit-

273 3490 345 3563 que
366 3467 400 3541 ei
417 3466 671 3541 iuramentum
691 3468 880 3543 fidelitatis
900 3494 944 3541 ac
963 3470 1216 3545 subiectionis.
1244 3472 1319 3547 Sed
1335 3484 1373 3546 et

271 3567 609 3666 Nordalbingorum
638 3569 819 3684 populos,
855 3595 948 3669 quos
977 3573 1089 3645 Croto
1123 3573 1374 3647 vehementer

273 3669 486 3767 attriverat
504 3669 577 3743 iste
600 3670 822 3745 convocavit
839 3670 876 3744 in
899 3696 1029 3769 unum,
1049 3684 1088 3746 ct
1106 3673 1187 3747 iniit
1204 3698 1288 3747 curn
1315 3675 1371 3747 eis

271 3780 424 3867 pactum
438 3768 714 3869 firmissimum,
728 3772 829 3845 nulia
844 3742 1029 3847 bellorurri
1041 3784 1270 3873 tempestate
1286 3799 1373 3848 oon·

271 3868 498 3944 veilendum.
529 3872 575 3945 Et
591 3872 695 3946 letati
715 3884 802 3947 snnt
815 3874 1065 3950 Holzatenses
1085 3900 1249 3949 necnon
1269 3876 1374 3951 Stur-

274 4024 299 4097 1)
319 4022 451 4079 Similiter
469 4024 560 4081 Ptaut.
579 4002 758 4091 Menandri,
778 4028 805 4090 3,
823 4027 874 4081 25:
893 4031 1034 4099 prandium
1052 4033 1194 4085 adcurare.
1268 4030 1371 4099 atre

273 4099 458 4153 coenaculum.
553 4098 581 4169 3)
601 4100 813 4155 Conuiuium.
839 4104 1003 4156 temulentum
1030 4108 1128 4157 nino.
1148 4108 1307 4174 percutit,
1334 4104 1370 4157 de

271 4168 409 4225 Absatonc
428 4172 536 4226 Amnon
557 4172 742 4228 interficiente.
772 4174 799 4226 2.
816 4171 889 4227 Sam.
911 4192 934 4228 c.
957 4174 1000 4227 13.
1020 4192 1045 4229 v.
1064 4175 1100 4227 at
1121 4194 1161 4248 sq.
1244 4176 1271 4247 4)
1292 4184 1373 4229 nter-

271 4258 324 4371 que
354 4253 432 4298 natus
459 4247 493 4298 de
518 4247 591 4315 regia
621 4246 703 4317 stirpe
733 4246 891 4332 Dacorum,
920 4264 957 4301 sc.
984 4251 1018 4301 do
1045 4248 1154 4302 filiabus
1179 4249 1250 4319 regis
1277 4247 1371 4302 Srrni.

295 4316 308 4368 s
334 4334 457 4387 suprac.
479 4319 513 4372 19
534 4328 561 4372 et
580 4318 624 4373 ¹24.
