3000 4900
157 454 402 546 nubuntur
421 453 662 532 eunomus
680 452 950 529 SLAVORUM.
975 453 1062 528 tto.
1081 455 1105 527 1.
1162 457 1232 529 129

126 666 168 730 et
186 665 376 729 commota
395 665 455 729 est
474 655 650 728 universa
668 653 802 750 itania,
822 664 859 726 et
877 653 958 728 visa
983 665 1071 730 sunt
1090 678 1229 753 magna

115 757 238 854 signa
257 755 295 828 in
315 757 397 829 celo
412 780 546 829 versus
562 754 797 854 aquilonem,¹
813 754 963 853 species
979 755 1086 852 quasi
1101 755 1231 854 ignea·

124 881 210 930 rum
230 857 453 953 facularum,
471 867 510 929 et
527 854 683 929 humani
701 855 846 930 cruoris
861 854 1062 930 similitudo
1077 855 1230 930 rutilan-

123 957 185 1031 tis.
212 958 291 1030 Nec
305 958 520 1032 fefellerunt
533 966 717 1055 portenta.
746 954 839 1043 Quis
855 954 957 1028 enim
972 955 1121 1053 ignoret
1133 966 1228 1030 stra·

123 1081 195 1155 ges
216 1058 348 1154 factas,
373 1059 493 1132 factas
512 1057 666 1156 inquam
684 1055 721 1129 in
743 1080 788 1129 eo
807 1056 953 1155 prelio?

200 1159 809 1257 Certabatigituruterqueregum
820 1156 1009 1230 asciscere
1024 1157 1092 1230 sibi
1111 1156 1226 1230 comi-

122 1266 202 1330 tem
231 1268 422 1354 nostrum,
450 1263 711 1355 miseruntque
741 1258 899 1346 nuncios
932 1281 1018 1330 cum
1046 1256 1223 1354 donariis,

122 1357 231 1455 plura
252 1357 458 1432 offerentes
484 1369 522 1432 et
540 1359 722 1457 ampliora
738 1357 1011 1455 promittentes.
1049 1357 1223 1455 Compla-

119 1457 198 1530 cuit
216 1459 342 1533 comiti
356 1463 401 1533 ad
417 1459 644 1556 Kanutum¹,
662 1460 865 1557 habitoque
881 1457 1065 1556 colloquio
1080 1459 1170 1530 fecit
1188 1458 1222 1531 ei

120 1559 342 1632 hominium.
389 1561 497 1649 Quod
534 1562 675 1633 factum
707 1560 850 1634 zelatus
881 1557 964 1632 est²
994 1557 1134 1655 Suein,
1161 1583 1221 1632 as·

120 1671 348 1758 sumptaque
370 1685 485 1734 manu
501 1672 659 1756 armata,
677 1659 851 1733 transivit
863 1659 1130 1756 Wagirensem
1148 1669 1221 1732 ter-

118 1783 215 1856 ram,
231 1761 709 1857 etsuccenditAldenburg,
724 1771 763 1832 et
780 1761 981 1834 demolitus
994 1770 1052 1832 est
1066 1783 1219 1834 omnem

120 1870 263 1933 terram
282 1860 524 1957 maritimam,
543 1872 580 1934 et
594 1861 809 1958 digrediens
824 1861 909 1934 inde
924 1859 1120 1934 succendit
1133 1864 1218 1934 sub-

117 1961 266 2033 urbium
277 1961 498 2059 Sigeberch,
510 1973 547 2035 et
557 1961 828 2060 quecunquein
843 1960 997 2034 circuitu
1013 1959 1094 2034 eius
1110 1971 1219 2033 erant

115 2085 234 2134 vorax
264 2063 476 2161 absumpsit
504 2061 670 2135 flamma.
715 2061 833 2136 Huius
868 2072 996 2136 autem
1028 2061 1116 2134 mali
1148 2061 1217 2133 fuit

116 2173 250 2235 auctor
267 2162 467 2236 Ethelerus
486 2163 636 2260 quidam
655 2166 702 2236 de
722 2162 959 2236 Thetmarsia
979 2158 1126 2258 natust
1154 2161 1218 2260 qui

115 2261 252 2334 divitiis
267 2263 458 2336 Danorum
479 2264 711 2358 sublevatus,
733 2287 888 2336 omnem
907 2264 1043 2336 fortem
1063 2266 1109 2336 de
1129 2263 1216 2335 Hol-

114 2361 214 2435 zatia
229 2363 298 2436 sibi
313 2363 536 2437 sociaverat.
558 2365 770 2462 Factusque
785 2367 917 2445 ductor
930 2363 1045 2461 regis,
1065 2362 1216 2435 volebat
1283 2437 1286 2444 ,

116 2464 294 2537 comitem
323 2466 513 2563 provincia
535 2466 699 2563 pellere,
726 2475 943 2562 terramque
966 2465 1046 2537 eius
1075 2465 1215 2537 addere

113 2588 235 2661 regno
253 2567 458 2639 Danornm.
497 2567 605 2655 Quod
630 2567 771 2639 factum
799 2590 884 2639 cum
908 2564 1136 2638 innotuisset
1154 2587 1214 2637 co-

113 2664 209 2761 miti,
232 2666 382 2739 transiit
405 2670 450 2739 ad
479 2668 614 2740 ducem
632 2676 673 2739 ut
690 2676 955 2764 protegeretur
972 2670 1018 2741 ab
1037 2689 1094 2738 eo.
1135 2664 1214 2738 Nec

115 2766 218 2837 enim
238 2766 277 2838 in
291 2767 468 2841 Holzacia
486 2778 565 2842 tuto
581 2768 790 2841 consistere
805 2778 966 2865 poterat,
986 2791 1031 2841 eo
1047 2768 1145 2865 quod
1158 2764 1213 2839 in·

112 2866 326 2940 crevissent
345 2866 545 2941 bomines⁴
561 2867 740 2965 Etheleri,
768 2868 830 2965 qui
848 2867 1119 2941 insidiabantur
1135 2866 1212 2940 vite

112 2966 209 3041 eius.
235 2967 458 3067 Quicunque
473 2969 657 3042 voluisset
671 2967 752 3041 fieri
766 2969 881 3041 homo
891 2968 1070 3061 Etheleri‚
1085 2966 1211 3040 venie·

112 3071 177 3140 bat
206 3078 247 3140 ut
277 3068 466 3166 acciperet
498 3070 536 3142 in
567 3092 724 3142 munere
755 3069 919 3168 birrum,
953 3068 1116 3165 clipeum
1150 3069 1212 3140 vel

112 3191 266 3265 equum,
286 3178 399 3267 atque
418 3170 526 3244 donis
545 3168 760 3243 huiusmodi
781 3179 968 3269 corrupta,
990 3170 1134 3266 repleta,
1154 3180 1212 3242 est

110 3278 211 3341 terra
227 3268 429 3343 seditiosis.
453 3270 627 3369 Precepit
638 3271 752 3368 igitur
765 3272 839 3342 dux
854 3270 955 3345 omni
970 3269 1108 3369 populo
1124 3266 1211 3341 Hol-

109 3378 280 3442 zatorum
300 3380 337 3443 et
358 3370 666 3467 Sturmariorum
692 3380 733 3442 ut
756 3370 874 3444 sicubi
892 3370 1031 3469 reperti
1050 3368 1212 3443 tuissent

108 3469 286 3543 homines
300 3471 479 3567 Etbeleri‚
494 3482 558 3543 aut
571 3471 838 3545 renunciarent
851 3471 1032 3568 hominio7
1051 3480 1115 3543 aut
1127 3484 1211 3567 pro-

109 3568 232 3642 vincia
269 3574 505 3646 secederent.
555 3574 601 3645 Et
635 3572 776 3644 factum
813 3583 873 3645 est
906 3574 970 3668 ita,
1001 3570 1210 3669 iuravitque
1253 3570 1260 3582 '

108 3670 232 3744 omnis
252 3672 429 3770 populus,
448 3683 549 3746 stare
564 3675 609 3745 ad
625 3675 843 3746 mandatum
859 3673 963 3745 ducis
981 3683 1018 3745 et
1032 3670 1209 3744 obaudire

107 3771 237 3844 comiti
257 3796 338 3846 suo.
384 3772 633 3871 Sociatusque
659 3784 720 3847 est
735 3772 793 3846 vir
819 3773 888 3846 sibi
906 3772 1146 3846 Holzatensis
1171 3771 1207 3843 in

107 3916 135 4014 t)
155 3940 261 3997 Bibtica
281 3943 382 3998 locutio
401 3953 456 3998 est:
476 3946 620 4012 complacet
638 3947 719 3999 attcan'
736 3948 764 3997 tu
784 3960 843 4015 quo.
882 3943 923 3998 Ad
940 3942 1070 3999 Kanutum
1091 3942 1209 3999 Germa-

105 4016 224 4069 nismum
249 4016 336 4087 sapit:
379 4016 567 4086 Wolthcsallcn
590 4015 680 4084 finden
705 4032 749 4071 un.
861 4016 888 4087 2)
909 4015 941 4070 V.
961 4034 1019 4086 cap.
1040 4014 1085 4070 65.
1104 4025 1161 4071 not.
1180 4015 1208 4072 3.

105 4088 133 4155 3)
153 4086 196 4141 De
216 4087 267 4142 boc
285 4088 415 4143 Etbetero
435 4091 513 4143 erute
533 4090 587 4144 vid.
606 4089 685 4142 etiam
705 4087 805 4143 Sason.
823 4087 970 4145 Grammat.
991 4089 1008 4142 1.
1021 4087 1093 4151 XIV,
1107 4107 1133 4161 p.
1144 4089 1207 4144 679.

104 4160 259 4215 Tbetmarsi
287 4160 447 4216 Rotbutsum
477 4161 661 4217 marchionem
689 4161 899 4223 interfecerunt;
926 4163 959 4215 ab
989 4161 1109 4215 Henrico
1138 4164 1208 4219 duco

103 4250 169 4286 raro
189 4234 253 4288 victi
273 4244 336 4288 sunt
353 4252 379 4290 a.
398 4234 476 4288 1148.
516 4232 594 4290 Cont.
615 4235 732 4289 chartam
754 4250 778 4288 a.
801 4232 881 4288 1148.
902 4232 978 4305 Sept.
996 4234 1038 4290 13.
1058 4236 1086 4288 in
1106 4234 1207 4291 Hamb.

103 4304 326 4363 Urkundenbncb
345 4326 373 4362 n.
395 4306 456 4363 188.
531 4308 559 4378 4)
580 4308 612 4362 V.
633 4325 692 4379 csp.
711 4306 758 4360 49.
778 4326 805 4361 n.
825 4306 870 4361 92.

951 4385 974 4457 9
