3000 4900
158 455 403 531 HELMOLDI
422 455 665 532 CHRONICA
682 455 953 533 SLAVORUM.
979 456 1065 533 LlB.
1081 457 1104 531 l.
1162 460 1231 533 149

134 662 355 736 noeoeane
371 679 496 731 omme
514 680 557 730 eo
575 658 820 751 contraierant.
849 655 951 729 Idem
960 663 1233 753 conqueruntur

133 755 183 829 fu‘i
205 758 270 853 pai
290 763 379 829 eunt
397 756 603 851 nouere,
626 751 729 855 quod
754 757 874 831 toleio
898 763 1028 829 noeto
1053 756 1233 832 deuormu

132 858 183 929 eit
207 863 361 951 propter
392 856 549 929 adriam
578 880 693 953 quom
716 859 859 951 cepistis
885 856 1018 929 tudere
1042 854 1231 932 modesto.

133 956 322 1051 Ropomus
339 959 462 1053 ipitur,
479 964 523 1029 ut
538 956 630 1030 duit
643 958 749 1032 nobis
762 956 991 1031 medietatem
1001 959 1163 1032 cottam
1175 982 1233 1029 oe·

133 1063 205 1129 ure
225 1056 360 1128 Ludite
379 1064 416 1131 et
444 1057 576 1152 solete,
597 1060 854 1154 possimusque
881 1056 1110 1133 tolerabilius
1135 1061 1233 1145 ferre

135 1154 398 1231 desolationem
422 1159 582 1232 ciuitatis
607 1166 742 1231 nosne.
787 1157 956 1254 Alioquin
979 1160 1233 1253 preciperetur,

132 1280 176 1329 ne
201 1260 295 1345 finnt
329 1262 569 1331 mercationes
597 1257 642 1331 de
660 1265 778 1330 cetero
797 1261 835 1331 in
854 1258 997 1331 Ludite.
1038 1257 1122 1333 Non
1138 1260 1234 1335 enim
1288 1318 1290 1327 ,

130 1357 323 1444 temdum
340 1365 395 1431 eet
408 1358 526 1453 mdis,
545 1365 750 1453 repraeter
768 1358 893 1431 otieno
913 1357 1110 1431 oorrrmodu
1129 1357 1233 1432 deso·

130 1456 205 1530 luri
229 1460 423 1551 putamur
450 1458 689 1534 hereditatem
715 1466 867 1553 potrum
892 1465 1114 1535 nostrorum.
1153 1458 1233 1533 „Sed

131 1580 217 1630 oum
236 1569 415 1633 renueret
434 1584 579 1656 eomes,
605 1570 785 1658 reputans
803 1560 996 1633 incautam
1015 1558 1087 1634 sifri
1105 1560 1234 1635 huius-

131 1658 277 1732 cemodi
302 1660 829 1755 conventionem‚‘mandevit
853 1662 942 1755 dux,
969 1684 1019 1737 ne
1038 1662 1084 1735 de
1105 1670 1232 1735 cetero

128 1759 334 1844 haberetur
355 1760 478 1833 forum
499 1760 656 1856 Lulrike⁷
678 1784 751 1833 nec
775 1771 879 1835 esset
900 1761 1062 1834 facultas
1083 1760 1233 1837 emendi

129 1859 424 1955 sivevendendi,
441 1860 514 1934 nisi
530 1885 575 1933 ea
587 1871 733 1937 tantum
745 1885 819 1959 que
836 1864 881 1933 ad
897 1861 1019 1935 cibum
1032 1860 1232 1959 pertinent.

126 1962 175 2035 Et
194 1959 306 2033 iussit
325 1960 571 2033 mercimonia
591 1960 788 2033 transferri
806 1961 1025 2035 Bardewieh
1044 1964 1091 2035 ad
1110 1962 1233 2036 suble

129 2064 292 2142 vendam
309 2060 499 2144 civitatem
511 2086 632 2136 suam,
660 2062 734 2135 Sed
750 2073 789 2135 et
802 2062 927 2135 fontes
939 2061 1029 2135 sedis
1046 2059 1234 2158 quierant

130 2161 318 2234 'fhodeslo
337 2161 421 2259 ipso
442 2172 616 2260 tempore
634 2162 797 2236 obturari
818 2162 915 2236 feeit.
951 2163 997 2235 Et
1013 2162 1154 2235 factum
1175 2170 1234 2235 est

131 2260 311 2334 verbum¹
338 2261 437 2335 istud
465 2262 592 2335 comiti
618 2274 749 2335 nostro
776 2274 814 2335 et
837 2273 937 2335 terre
954 2260 1171 2359 Wagireusi
1194 2261 1232 2333 in

132 2360 383 2436 offensionem
404 2372 442 2435 et
459 2362 696 2462 profectuum
717 2362 1042 2462 impedimentum.

206 2467 267 2536 77.
285 2462 339 2536 De
349 2463 557 2539 Evermodo
570 2467 753 2558 episeopo.
780 2465 856 2538 Nec
865 2466 940 2537 hoo
953 2463 1233 2562 pretermitten-

131 2563 220 2636 dum
238 2563 398 2661 videtur,
418 2567 516 2662 quod
537 2565 717 2639 dilatante
731 2567 811 2638 Deo
826 2564 922 2639 fines
942 2565 1118 2656 ecclesie,
1137 2563 1233 2636 ordi·
1272 2623 1274 2630 a

129 2673 241 2736 natus
260 2675 320 2741 est
336 2664 539 2763 episeopus
562 2665 783 2762 Raoesburg
801 2669 962 2739 domnus
985 2666 1325 2758 memorosum.

129 2763 345 2862 prepositus
360 2766 407 2838 de
421 2766 669 2863 Magdeburg‚
682 2765 858 2864 deditque
878 2765 911 2839 ei
932 2789 1063 2838 comes
1078 2764 1232 2838 Polabo

129 2887 215 2939 rom
237 2865 435 2940 Heinrieos
458 2865 621 2943 insulam
645 2869 691 2938 ad
716 2866 1000 2940 inhabitandum
1026 2888 1144 2963 prope
1173 2878 1232 2935 e'a-

128 2974 262 3038 strum.
305 2967 484 3040 Preterea
509 2977 701 3040 trecentos
727 2990 883 3040 mansos
909 2963 1118 3063 resignavit
1146 2963 1233 3038 duei

131 3064 275 3138 dandos
293 3066 330 3138 in
346 3069 471 3140 dotem
489 3065 670 3166 episcopii
678 3066 703 3138 ².
738 3069 853 3140 Porro
868 3065 1036 3141 decimas
1059 3075 1160 3141 terre
1175 3087 1232 3136 re-

129 3165 309 3263 cognovit
326 3166 521 3266 episeopo‚
541 3192 699 3265 quarum
717 3177 846 3241 tamen
866 3168 1109 3240 medietatem
1128 3188 1232 3236 mee

130 3266 249 3363 pitin
275 3265 494 3363 benefioio³‚
521 3279 559 3340 et
586 3269 707 3340 faetus
733 3278 793 3342 est
818 3270 933 3340 homo
959 3266 1141 3365 episcopi,
1170 3289 1231 3338 eu-

130 3369 252 3463 ceptis
281 3368 460 3440 trecentis
488 3368 656 3464 mansis,
681 3370 744 3466 qui
772 3392 856 3440 cum
886 3367 987 3441 omni
1015 3365 1230 3462 integritate

129 3476 210 3538 tam
228 3466 414 3540 redituum
431 3492 544 3565 quam
559 3469 793 3541 deeimarum
810 3477 896 3541 sunt
912 3465 1090 3566 episcopi.
1114 3465 1231 3538 loter-

129 3565 199 3638 fuit
224 3566 298 3640 niis
316 3572 430 3641 rebus
449 3569 606 3665 agendis
625 3572 786 3641 domnus
805 3568 996 3664 Ludolfus‚
1015 3565 1231 3665 prepositus

129 3671 177 3740 de
197 3668 389 3761 cacelina
412 3678 450 3741 et
477 3665 567 3741 dixit
591 3672 637 3743 ad
662 3669 859 3763 comitem,
885 3677 1063 3766 presente
1093 3665 1231 3738 comite

129 3778 261 3840 nostro
274 3769 426 3841 Adoffo:
457 3769 638 3857 Quoniam
651 3793 772 3842 comes
786 3765 1233 3842 terrePoloborumfrene-

130 3869 258 3954 locere
275 3871 370 3960 cepit
384 3892 474 3963 erpa
488 3872 697 3961 pontificem
714 3891 834 3963 suum,
860 3867 962 3941 decet
975 3874 1017 3939 ut
1031 3873 1155 3940 noster
1173 3889 1232 3937 eo-

134 4066 161 4137 1)
181 4068 292 4120 verbum
313 4067 331 4118 i.
352 4086 376 4121 e.
396 4068 542 4137 negotium.
568 4085 620 4139 res,
642 4068 752 4122 biblica.
826 4067 852 4138 2)
874 4064 916 4121 cf.
936 4067 1047 4138 diplom.
1067 4084 1092 4118 a.
1114 4063 1186 4116 1154
1206 4074 1234 4118 et

130 4137 206 4192 1158
224 4141 253 4192 io
271 4137 459 4211 Mefdenburg.
476 4139 511 4194 U.
532 4139 563 4194 B.
583 4140 603 4209 1,
625 4160 651 4195 n.
668 4141 703 4193 57
722 4150 749 4194 et
769 4139 813 4194 65.
888 4141 914 4210 3)
934 4137 1087 4210 Regictrum
1108 4139 1233 4192 deeima-

129 4229 192 4265 rum
212 4211 377 4283 Raeesburg.
402 4215 445 4267 ed.
465 4213 500 4266 K.
521 4212 551 4266 F.
573 4213 602 4267 1,.
623 4213 711 4269 Arndt
735 4223 763 4266 et
789 4231 821 4267 ex
842 4230 873 4266 eo
894 4211 1044 4282 Homburg.
1062 4209 1232 4265 ‘Urtunoenn

130 4286 204 4339 buch
226 4285 246 4352 Ι,
265 4305 293 4342 n.
311 4286 366 4340 206
387 4289 420 4338 ad
441 4304 464 4342 e.
486 4286 566 4341 1154.
