<?xml version="1.0" encoding="UTF-8"?>
<!DOCTYPE html PUBLIC "-//W3C//DTD XHTML 1.0 Transitional//EN"
    "http://www.w3.org/TR/xhtml1/DTD/xhtml1-transitional.dtd">
<html xmlns="http://www.w3.org/1999/xhtml" xml:lang="en" lang="en">
 <head>
  <title>
</title>
<meta http-equiv="Content-Type" content="text/html;charset=utf-8" />
  <meta name='ocr-system' content='tesseract 3.04.00' />
  <meta name='ocr-capabilities' content='ocr_page ocr_carea ocr_par ocr_line ocrx_word'/>
</head>
<body>
  <div class='ocr_page' id='page_1' title='image "./helmoldipresbyt00pertgoog_0041.png"; bbox 0 0 3000 4900; ppageno 0'>
   <div class='ocr_carea' id='block_1_1' title="bbox 144 417 1356 504">
    <p class='ocr_par' dir='ltr' id='par_1_1' title="bbox 144 417 1356 504">
     <span class='ocr_line' id='line_1_1' title="bbox 144 417 1356 504; baseline 0.002 -4"><span class='ocrx_word' id='word_1_1' title='bbox 144 423 397 500; x_wconf 82' lang='lat' dir='ltr'>HELMOLDI</span> <span class='ocrx_word' id='word_1_2' title='bbox 417 423 661 500; x_wconf 85' lang='lat' dir='ltr'><strong>CHRONICA</strong></span> <span class='ocrx_word' id='word_1_3' title='bbox 679 423 947 500; x_wconf 86' lang='lat' dir='ltr'><strong>SLAVORUM</strong></span> <span class='ocrx_word' id='word_1_4' title='bbox 974 425 1105 501; x_wconf 87' lang='lat' dir='ltr'>LlB..l</span> <span class='ocrx_word' id='word_1_5' title='bbox 1158 430 1205 504; x_wconf 90' lang='grc'>33</span> <span class='ocrx_word' id='word_1_6' title='bbox 1351 417 1356 426; x_wconf 62' lang='grc'><em>’</em></span> 
     </span>
    </p>
   </div>
   <div class='ocr_carea' id='block_1_2' title="bbox 9 568 1206 3844">
    <p class='ocr_par' dir='ltr' id='par_1_2' title="bbox 101 568 1206 1304">
     <span class='ocr_line' id='line_1_2' title="bbox 102 568 1205 740; baseline 0.002 -40"><span class='ocrx_word' id='word_1_7' title='bbox 102 627 260 724; x_wconf 89' lang='lat' dir='ltr'>iamque</span> <span class='ocrx_word' id='word_1_8' title='bbox 279 627 447 724; x_wconf 79' lang='lat' dir='ltr'>cogitare</span> <span class='ocrx_word' id='word_1_9' title='bbox 470 625 515 699; x_wconf 88' lang='lat' dir='ltr'>de</span> <span class='ocrx_word' id='word_1_10' title='bbox 542 568 696 724; x_wconf 82' lang='lat' dir='ltr'>accepte</span> <span class='ocrx_word' id='word_1_11' title='bbox 717 575 889 740; x_wconf 77' lang='lat' dir='ltr'>coniugis</span> <span class='ocrx_word' id='word_1_12' title='bbox 899 626 1069 740; x_wconf 37' lang='lat' dir='ltr'>&#39;repudio</span> <span class='ocrx_word' id='word_1_13' title='bbox 1097 637 1134 702; x_wconf 90' lang='lat' dir='ltr'>et</span> <span class='ocrx_word' id='word_1_14' title='bbox 1158 628 1205 702; x_wconf 89' lang='lat' dir='ltr'>de</span> 
     </span>
     <span class='ocr_line' id='line_1_3' title="bbox 101 725 1203 826; baseline 0 -26"><span class='ocrx_word' id='word_1_15' title='bbox 101 729 317 816; x_wconf 82' lang='lat' dir='ltr'>mutatione</span> <span class='ocrx_word' id='word_1_16' title='bbox 333 751 470 800; x_wconf 88' lang='lat' dir='ltr'>rerum.</span> <span class='ocrx_word' id='word_1_17' title='bbox 487 725 583 806; x_wconf 90' lang='lat' dir='ltr'>Sed</span> <span class='ocrx_word' id='word_1_18' title='bbox 602 736 762 800; x_wconf 87' lang='lat' dir='ltr'>conatus</span> <span class='ocrx_word' id='word_1_19' title='bbox 780 726 862 802; x_wconf 89' lang='lat' dir='ltr'>eius</span> <span class='ocrx_word' id='word_1_20' title='bbox 880 727 994 802; x_wconf 88' lang='lat' dir='ltr'>timor</span> <span class='ocrx_word' id='word_1_21' title='bbox 1010 728 1203 826; x_wconf 76' lang='lat' dir='ltr'>repressit,</span> 
     </span>
     <span class='ocr_line' id='line_1_4' title="bbox 101 812 1206 928; baseline -0.003 -24"><span class='ocrx_word' id='word_1_22' title='bbox 101 854 152 904; x_wconf 91' lang='lat' dir='ltr'>eo</span> <span class='ocrx_word' id='word_1_23' title='bbox 181 812 281 925; x_wconf 85' lang='lat' dir='ltr'>quod</span> <span class='ocrx_word' id='word_1_24' title='bbox 308 827 481 926; x_wconf 85' lang='lat' dir='ltr'>gravium</span> <span class='ocrx_word' id='word_1_25' title='bbox 516 849 717 902; x_wconf 86' lang='lat' dir='ltr'>causarum</span> <span class='ocrx_word' id='word_1_26' title='bbox 742 826 918 901; x_wconf 78' lang='lat' dir='ltr'><strong>introitus</strong></span> <span class='ocrx_word' id='word_1_27' title='bbox 951 851 1105 928; x_wconf 82' lang='lat' dir='ltr'>semper</span> <span class='ocrx_word' id='word_1_28' title='bbox 1130 829 1206 902; x_wconf 89' lang='lat' dir='ltr'>sint</span> 
     </span>
     <span class='ocr_line' id='line_1_5' title="bbox 103 927 1205 1025; baseline 0.001 -25"><span class='ocrx_word' id='word_1_29' title='bbox 103 927 315 1024; x_wconf 85' lang='lat' dir='ltr'>difficiles1</span> <span class='ocrx_word' id='word_1_30' title='bbox 341 928 460 1002; x_wconf 88' lang='lat' dir='ltr'>virtus</span> <span class='ocrx_word' id='word_1_31' title='bbox 487 952 637 1025; x_wconf 88' lang='lat' dir='ltr'>quoque</span> <span class='ocrx_word' id='word_1_32' title='bbox 656 927 851 1002; x_wconf 84' lang='lat' dir='ltr'>Saxonum</span> <span class='ocrx_word' id='word_1_33' title='bbox 878 928 1078 1003; x_wconf 83' lang='lat' dir='ltr'>admodum</span> <span class='ocrx_word' id='word_1_34' title='bbox 1103 940 1205 1003; x_wconf 88' lang='lat' dir='ltr'>esset</span> 
     </span>
     <span class='ocr_line' id='line_1_6' title="bbox 105 983 1204 1142; baseline 0.003 -42"><span class='ocrx_word' id='word_1_35' title='bbox 105 983 365 1104; x_wconf 85' lang='lat' dir='ltr'>formidabilis</span> <span class='ocrx_word' id='word_1_36' title='bbox 417 1029 582 1102; x_wconf 85' lang='lat' dir='ltr'>Necesse</span> <span class='ocrx_word' id='word_1_37' title='bbox 610 1027 710 1102; x_wconf 88' lang='lat' dir='ltr'>enim</span> <span class='ocrx_word' id='word_1_38' title='bbox 735 1028 817 1126; x_wconf 70' lang='lat' dir='ltr'>fuit,</span> <span class='ocrx_word' id='word_1_39' title='bbox 851 1028 1051 1142; x_wconf 79' lang='lat' dir='ltr'>repudiata</span> <span class='ocrx_word' id='word_1_40' title='bbox 1072 1054 1204 1104; x_wconf 89' lang='lat' dir='ltr'>sorore</span> 
     </span>
     <span class='ocr_line' id='line_1_7' title="bbox 105 1128 1204 1229; baseline -0.002 -25"><span class='ocrx_word' id='word_1_41' title='bbox 105 1141 199 1229; x_wconf 89' lang='lat' dir='ltr'>pont</span> <span class='ocrx_word' id='word_1_42' title='bbox 184 1129 295 1204; x_wconf 89' lang='lat' dir='ltr'>tificis</span> <span class='ocrx_word' id='word_1_43' title='bbox 315 1140 353 1204; x_wconf 90' lang='lat' dir='ltr'>et</span> <span class='ocrx_word' id='word_1_44' title='bbox 338 1128 499 1202; x_wconf 88' lang='lat' dir='ltr'>tdivinis</span> <span class='ocrx_word' id='word_1_45' title='bbox 514 1131 625 1203; x_wconf 88' lang='lat' dir='ltr'>rebus</span> <span class='ocrx_word' id='word_1_46' title='bbox 639 1129 881 1227; x_wconf 85' lang='lat' dir='ltr'>pessundatis</span> <span class='ocrx_word' id='word_1_47' title='bbox 895 1129 1024 1203; x_wconf 88' lang='lat' dir='ltr'>statim</span> <span class='ocrx_word' id='word_1_48' title='bbox 1043 1132 1090 1203; x_wconf 87' lang='lat' dir='ltr'>ad</span> <span class='ocrx_word' id='word_1_49' title='bbox 1104 1131 1204 1205; x_wconf 87' lang='lat' dir='ltr'>bella</span> 
     </span>
     <span class='ocr_line' id='line_1_8' title="bbox 105 1257 235 1304; baseline -0.017 0"><span class='ocrx_word' id='word_1_50' title='bbox 105 1257 235 1304; x_wconf 81' lang='lat' dir='ltr'>venui.</span> 
     </span>
    </p>

    <p class='ocr_par' dir='ltr' id='par_1_3' title="bbox 9 1329 1205 3844">
     <span class='ocr_line' id='line_1_9' title="bbox 186 1329 1205 1428; baseline -0.005 -22"><span class='ocrx_word' id='word_1_51' title='bbox 186 1336 241 1406; x_wconf 82' lang='grc'>14.</span> <span class='ocrx_word' id='word_1_52' title='bbox 277 1330 331 1404; x_wconf 87' lang='lat' dir='ltr'>De</span> <span class='ocrx_word' id='word_1_53' title='bbox 349 1329 435 1404; x_wconf 86' lang='lat' dir='ltr'>dolo</span> <span class='ocrx_word' id='word_1_54' title='bbox 453 1329 586 1425; x_wconf 78' lang='lat' dir='ltr'>Rillup.</span> <span class='ocrx_word' id='word_1_55' title='bbox 645 1329 845 1417; x_wconf 83' lang='lat' dir='ltr'>Quadam</span> <span class='ocrx_word' id='word_1_56' title='bbox 834 1330 950 1428; x_wconf 78' lang='lat' dir='ltr'>igitur</span> <span class='ocrx_word' id='word_1_57' title='bbox 968 1330 1027 1404; x_wconf 86' lang='lat' dir='ltr'>die</span> <span class='ocrx_word' id='word_1_58' title='bbox 1046 1330 1205 1428; x_wconf 84' lang='lat' dir='ltr'>contigit</span> 
     </span>
     <span class='ocr_line' id='line_1_10' title="bbox 105 1428 1204 1545; baseline 0 -41"><span class='ocrx_word' id='word_1_59' title='bbox 105 1431 325 1545; x_wconf 80' lang='lat' dir='ltr'>pontificem</span> <span class='ocrx_word' id='word_1_60' title='bbox 349 1430 477 1505; x_wconf 90' lang='lat' dir='ltr'>venire</span> <span class='ocrx_word' id='word_1_61' title='bbox 499 1430 536 1504; x_wconf 90' lang='lat' dir='ltr'>in</span> <span class='ocrx_word' id='word_1_62' title='bbox 557 1429 747 1504; x_wconf 88' lang='lat' dir='ltr'>civitatem</span> <span class='ocrx_word' id='word_1_63' title='bbox 766 1428 1027 1504; x_wconf 87' lang='lat' dir='ltr'>Obotritorum</span> <span class='ocrx_word' id='word_1_64' title='bbox 1044 1431 1204 1504; x_wconf 84' lang='lat' dir='ltr'>Illikilin·</span> 
     </span>
     <span class='ocr_line' id='line_1_11' title="bbox 104 1529 1203 1630; baseline 0 -26"><span class='ocrx_word' id='word_1_65' title='bbox 104 1535 200 1630; x_wconf 81' lang='lat' dir='ltr'>burg</span> <span class='ocrx_word' id='word_1_66' title='bbox 227 1531 451 1606; x_wconf 88' lang='lat' dir='ltr'>visitationis</span> <span class='ocrx_word' id='word_1_67' title='bbox 478 1531 612 1630; x_wconf 76' lang='lat' dir='ltr'>gratia,</span> <span class='ocrx_word' id='word_1_68' title='bbox 645 1555 718 1628; x_wconf 91' lang='lat' dir='ltr'>quo</span> <span class='ocrx_word' id='word_1_69' title='bbox 748 1530 864 1604; x_wconf 87' lang='lat' dir='ltr'>etiam</span> <span class='ocrx_word' id='word_1_70' title='bbox 880 1529 1004 1629; x_wconf 85' lang='lat' dir='ltr'>Billug</span> <span class='ocrx_word' id='word_1_71' title='bbox 1025 1556 1111 1605; x_wconf 87' lang='lat' dir='ltr'>cum</span> <span class='ocrx_word' id='word_1_72' title='bbox 1130 1531 1203 1629; x_wconf 88' lang='lat' dir='ltr'>pri·</span> 
     </span>
     <span class='ocr_line' id='line_1_12' title="bbox 103 1631 1203 1730; baseline 0 -24"><span class='ocrx_word' id='word_1_73' title='bbox 103 1634 275 1706; x_wconf 90' lang='lat' dir='ltr'>moribus</span> <span class='ocrx_word' id='word_1_74' title='bbox 294 1642 521 1729; x_wconf 69' lang='lat' dir='ltr'>occurrerat,</span> <span class='ocrx_word' id='word_1_75' title='bbox 545 1642 771 1730; x_wconf 85' lang='lat' dir='ltr'>excepturus</span> <span class='ocrx_word' id='word_1_76' title='bbox 790 1656 877 1705; x_wconf 90' lang='lat' dir='ltr'>eum</span> <span class='ocrx_word' id='word_1_77' title='bbox 896 1631 1074 1707; x_wconf 87' lang='lat' dir='ltr'>simulata</span> <span class='ocrx_word' id='word_1_78' title='bbox 1093 1634 1203 1706; x_wconf 89' lang='lat' dir='ltr'>devo-</span> 
     </span>
     <span class='ocr_line' id='line_1_13' title="bbox 104 1731 1202 1832; baseline 0.002 -28"><span class='ocrx_word' id='word_1_79' title='bbox 104 1734 219 1807; x_wconf 88' lang='lat' dir='ltr'>tione.</span> <span class='ocrx_word' id='word_1_80' title='bbox 269 1733 498 1832; x_wconf 87' lang='lat' dir='ltr'>Episcopum</span> <span class='ocrx_word' id='word_1_81' title='bbox 525 1731 652 1830; x_wconf 87' lang='lat' dir='ltr'>itaque</span> <span class='ocrx_word' id='word_1_82' title='bbox 679 1731 840 1831; x_wconf 90' lang='lat' dir='ltr'>publicis</span> <span class='ocrx_word' id='word_1_83' title='bbox 867 1731 991 1805; x_wconf 88' lang='lat' dir='ltr'>causis</span> <span class='ocrx_word' id='word_1_84' title='bbox 1015 1731 1202 1807; x_wconf 88' lang='lat' dir='ltr'>intentum</span> 
     </span>
     <span class='ocr_line' id='line_1_14' title="bbox 103 1831 1201 1932; baseline 0.001 -26"><span class='ocrx_word' id='word_1_85' title='bbox 103 1859 197 1932; x_wconf 87' lang='lat' dir='ltr'>sepe</span> <span class='ocrx_word' id='word_1_86' title='bbox 217 1833 337 1907; x_wconf 89' lang='lat' dir='ltr'>dictus</span> <span class='ocrx_word' id='word_1_87' title='bbox 357 1831 616 1907; x_wconf 87' lang='lat' dir='ltr'>Obotritorum</span> <span class='ocrx_word' id='word_1_88' title='bbox 642 1833 798 1931; x_wconf 84' lang='lat' dir='ltr'>regulus</span> <span class='ocrx_word' id='word_1_89' title='bbox 826 1834 954 1931; x_wconf 90' lang='lat' dir='ltr'>palam</span> <span class='ocrx_word' id='word_1_90' title='bbox 978 1833 1201 1930; x_wconf 82' lang='lat' dir='ltr'>alloquitur.</span> 
     </span>
     <span class='ocr_line' id='line_1_15' title="bbox 104 1933 1202 2032; baseline 0 -26"><span class='ocrx_word' id='word_1_91' title='bbox 104 1934 266 2032; x_wconf 74' lang='lat' dir='ltr'>Mapnas</span> <span class='ocrx_word' id='word_1_92' title='bbox 278 1937 356 2029; x_wconf 87' lang='lat' dir='ltr'>piet</span> <span class='ocrx_word' id='word_1_93' title='bbox 341 1937 407 2008; x_wconf 88' lang='lat' dir='ltr'>tati</span> <span class='ocrx_word' id='word_1_94' title='bbox 425 1941 495 2030; x_wconf 79' lang='lat' dir='ltr'>tue,</span> <span class='ocrx_word' id='word_1_95' title='bbox 519 1941 590 2028; x_wconf 84' lang='lat' dir='ltr'>pat</span> <span class='ocrx_word' id='word_1_96' title='bbox 589 1958 627 2006; x_wconf 90' lang='lat' dir='ltr'>cr</span> <span class='ocrx_word' id='word_1_97' title='bbox 575 1933 879 2030; x_wconf 75' lang='lat' dir='ltr'>immeabilis,</span> <span class='ocrx_word' id='word_1_98' title='bbox 906 1933 1017 2006; x_wconf 82' lang='lat' dir='ltr'>debeo</span> <span class='ocrx_word' id='word_1_99' title='bbox 1036 1933 1202 2029; x_wconf 75' lang='lat' dir='ltr'>pratulo-</span> 
     </span>
     <span class='ocr_line' id='line_1_16' title="bbox 103 2032 1202 2136; baseline -0.002 -27.972"><span class='ocrx_word' id='word_1_100' title='bbox 103 2039 231 2131; x_wconf 74' lang='lat' dir='ltr'>tiones,</span> <span class='ocrx_word' id='word_1_101' title='bbox 249 2033 333 2136; x_wconf 83' lang='lat' dir='ltr'>iicet</span> <span class='ocrx_word' id='word_1_102' title='bbox 318 2042 403 2107; x_wconf 89' lang='lat' dir='ltr'>tme</span> <span class='ocrx_word' id='word_1_103' title='bbox 421 2033 472 2124; x_wconf 81' lang='lat' dir='ltr'>ad</span> <span class='ocrx_word' id='word_1_104' title='bbox 489 2034 558 2107; x_wconf 86' lang='lat' dir='ltr'>bus</span> <span class='ocrx_word' id='word_1_105' title='bbox 576 2032 815 2108; x_wconf 78' lang='lat' dir='ltr'>exsolvendas</span> <span class='ocrx_word' id='word_1_106' title='bbox 841 2057 1074 2132; x_wconf 82' lang='lat' dir='ltr'>nequaqnam</span> <span class='ocrx_word' id='word_1_107' title='bbox 1099 2038 1202 2124; x_wconf 77' lang='lat' dir='ltr'>suffi-</span> 
     </span>
     <span class='ocr_line' id='line_1_17' title="bbox 101 2134 1202 2232; baseline -0.002 -23"><span class='ocrx_word' id='word_1_108' title='bbox 101 2160 184 2209; x_wconf 88' lang='lat' dir='ltr'>cere</span> <span class='ocrx_word' id='word_1_109' title='bbox 210 2139 285 2230; x_wconf 87' lang='lat' dir='ltr'>ipse</span> <span class='ocrx_word' id='word_1_110' title='bbox 311 2159 583 2230; x_wconf 84' lang='lat' dir='ltr'>recopncscam.</span> <span class='ocrx_word' id='word_1_111' title='bbox 638 2134 768 2208; x_wconf 87' lang='lat' dir='ltr'>Privat</span> <span class='ocrx_word' id='word_1_112' title='bbox 752 2141 791 2206; x_wconf 87' lang='lat' dir='ltr'>ta</span> <span class='ocrx_word' id='word_1_113' title='bbox 818 2138 910 2208; x_wconf 87' lang='lat' dir='ltr'>enim</span> <span class='ocrx_word' id='word_1_114' title='bbox 936 2135 1156 2232; x_wconf 79' lang='lat' dir='ltr'>beneficiaq</span> <span class='ocrx_word' id='word_1_115' title='bbox 1158 2159 1202 2207; x_wconf 89' lang='lat' dir='ltr'>ue</span> 
     </span>
     <span class='ocr_line' id='line_1_18' title="bbox 102 2235 1202 2333; baseline 0 -25"><span class='ocrx_word' id='word_1_116' title='bbox 102 2236 192 2308; x_wconf 87' lang='lat' dir='ltr'>mibi</span> <span class='ocrx_word' id='word_1_117' title='bbox 208 2235 424 2331; x_wconf 81' lang='lat' dir='ltr'>impendisti,</span> <span class='ocrx_word' id='word_1_118' title='bbox 451 2239 539 2333; x_wconf 84' lang='lat' dir='ltr'>quia</span> <span class='ocrx_word' id='word_1_119' title='bbox 566 2235 659 2308; x_wconf 88' lang='lat' dir='ltr'>mult</span> <span class='ocrx_word' id='word_1_120' title='bbox 644 2235 783 2330; x_wconf 84' lang='lat' dir='ltr'>tiplicia</span> <span class='ocrx_word' id='word_1_121' title='bbox 800 2243 928 2309; x_wconf 84' lang='lat' dir='ltr'>sante</span> <span class='ocrx_word' id='word_1_122' title='bbox 929 2235 1111 2330; x_wconf 82' lang='lat' dir='ltr'>iproliac</span> <span class='ocrx_word' id='word_1_123' title='bbox 1128 2259 1202 2308; x_wconf 89' lang='lat' dir='ltr'>ser·</span> 
     </span>
     <span class='ocr_line' id='line_1_19' title="bbox 9 2335 1201 2432; baseline -0.005 -17"><span class='ocrx_word' id='word_1_124' title='bbox 9 2385 10 2390; x_wconf 62' lang='lat'><em>=</em></span> <span class='ocrx_word' id='word_1_125' title='bbox 102 2362 210 2416; x_wconf 83' lang='lat' dir='ltr'>mone</span> <span class='ocrx_word' id='word_1_126' title='bbox 228 2343 331 2432; x_wconf 80' lang='lat' dir='ltr'>epent</span> <span class='ocrx_word' id='word_1_127' title='bbox 327 2394 339 2432; x_wconf 77' lang='grc'><strong>,</strong></span> <span class='ocrx_word' id='word_1_128' title='bbox 315 2337 418 2408; x_wconf 89' lang='lat' dir='ltr'>tad</span> <span class='ocrx_word' id='word_1_129' title='bbox 439 2361 587 2431; x_wconf 86' lang='lat' dir='ltr'>presens</span> <span class='ocrx_word' id='word_1_130' title='bbox 611 2335 760 2424; x_wconf 77' lang='lat' dir='ltr'>differo.</span> <span class='ocrx_word' id='word_1_131' title='bbox 800 2335 973 2410; x_wconf 86' lang='lat' dir='ltr'>Generule</span> <span class='ocrx_word' id='word_1_132' title='bbox 990 2339 1100 2410; x_wconf 86' lang='lat' dir='ltr'>totius</span> <span class='ocrx_word' id='word_1_133' title='bbox 1112 2360 1201 2430; x_wconf 89' lang='lat' dir='ltr'>pro-</span> 
     </span>
     <span class='ocr_line' id='line_1_20' title="bbox 101 2435 1200 2532; baseline -0.002 -21"><span class='ocrx_word' id='word_1_134' title='bbox 101 2441 218 2512; x_wconf 84' lang='lat' dir='ltr'>vincie</span> <span class='ocrx_word' id='word_1_135' title='bbox 248 2438 383 2511; x_wconf 87' lang='lat' dir='ltr'>bonurn</span> <span class='ocrx_word' id='word_1_136' title='bbox 414 2462 700 2511; x_wconf 87' lang='lat' dir='ltr'>commemorare</span> <span class='ocrx_word' id='word_1_137' title='bbox 724 2437 932 2532; x_wconf 87' lang='lat' dir='ltr'>compellor.</span> <span class='ocrx_word' id='word_1_138' title='bbox 983 2435 1200 2510; x_wconf 81' lang='lat' dir='ltr'>Sollicitudo</span> 
     </span>
     <span class='ocr_line' id='line_1_21' title="bbox 102 2538 1201 2633; baseline -0.004 -20"><span class='ocrx_word' id='word_1_139' title='bbox 102 2543 196 2613; x_wconf 86' lang='lat' dir='ltr'>enirn</span> <span class='ocrx_word' id='word_1_140' title='bbox 212 2546 276 2611; x_wconf 86' lang='lat' dir='ltr'>tua</span> <span class='ocrx_word' id='word_1_141' title='bbox 290 2563 400 2633; x_wconf 87' lang='lat' dir='ltr'>super</span> <span class='ocrx_word' id='word_1_142' title='bbox 413 2538 649 2612; x_wconf 87' lang='lat' dir='ltr'>ecclesiarum</span> <span class='ocrx_word' id='word_1_143' title='bbox 662 2542 929 2611; x_wconf 77' lang='lat' dir='ltr'>instauratione</span> <span class='ocrx_word' id='word_1_144' title='bbox 942 2545 977 2611; x_wconf 85' lang='lat' dir='ltr'>et</span> <span class='ocrx_word' id='word_1_145' title='bbox 990 2540 1201 2611; x_wconf 87' lang='lat' dir='ltr'>animarum</span> 
     </span>
     <span class='ocr_line' id='line_1_22' title="bbox 100 2637 1201 2735; baseline -0.002 -22"><span class='ocrx_word' id='word_1_146' title='bbox 100 2640 222 2714; x_wconf 85' lang='lat' dir='ltr'>sainte</span> <span class='ocrx_word' id='word_1_147' title='bbox 240 2640 407 2713; x_wconf 89' lang='lat' dir='ltr'>omnibus</span> <span class='ocrx_word' id='word_1_148' title='bbox 424 2643 621 2727; x_wconf 82' lang='lat' dir='ltr'>manifesta</span> <span class='ocrx_word' id='word_1_149' title='bbox 650 2646 720 2733; x_wconf 75' lang='lat' dir='ltr'>est5</span> <span class='ocrx_word' id='word_1_150' title='bbox 747 2637 812 2711; x_wconf 87' lang='lat' dir='ltr'>sed</span> <span class='ocrx_word' id='word_1_151' title='bbox 830 2638 1013 2733; x_wconf 74' lang='lat' dir='ltr'>necdatet,</span> <span class='ocrx_word' id='word_1_152' title='bbox 1041 2645 1201 2735; x_wconf 81' lang='lat' dir='ltr'>quantas</span> 
     </span>
     <span class='ocr_line' id='line_1_23' title="bbox 98 2738 1201 2835; baseline -0.002 -22"><span class='ocrx_word' id='word_1_153' title='bbox 98 2744 309 2835; x_wconf 84' lang='lat' dir='ltr'>principum</span> <span class='ocrx_word' id='word_1_154' title='bbox 336 2744 504 2828; x_wconf 78' lang='lat' dir='ltr'>offensas</span> <span class='ocrx_word' id='word_1_155' title='bbox 530 2748 594 2813; x_wconf 88' lang='lat' dir='ltr'>tua</span> <span class='ocrx_word' id='word_1_156' title='bbox 618 2738 852 2833; x_wconf 85' lang='lat' dir='ltr'>providentia</span> <span class='ocrx_word' id='word_1_157' title='bbox 876 2742 1029 2835; x_wconf 64' lang='lat' dir='ltr'>trepidi,</span> <span class='ocrx_word' id='word_1_158' title='bbox 1054 2745 1201 2813; x_wconf 82' lang='lat' dir='ltr'>uicum</span> 
     </span>
     <span class='ocr_line' id='line_1_24' title="bbox 97 2840 1201 2938; baseline -0.001 -24"><span class='ocrx_word' id='word_1_159' title='bbox 97 2866 194 2936; x_wconf 90' lang='lat' dir='ltr'>pace</span> <span class='ocrx_word' id='word_1_160' title='bbox 221 2849 258 2915; x_wconf 88' lang='lat' dir='ltr'>et</span> <span class='ocrx_word' id='word_1_161' title='bbox 281 2840 552 2938; x_wconf 85' lang='lat' dir='ltr'>tranquillitate.</span> <span class='ocrx_word' id='word_1_162' title='bbox 566 2844 604 2913; x_wconf 88' lang='lat' dir='ltr'>in</span> <span class='ocrx_word' id='word_1_163' title='bbox 625 2844 750 2936; x_wconf 74' lang='lat' dir='ltr'>pratia</span> <span class='ocrx_word' id='word_1_164' title='bbox 769 2842 979 2934; x_wconf 85' lang='lat' dir='ltr'>principum</span> <span class='ocrx_word' id='word_1_165' title='bbox 1006 2842 1201 2929; x_wconf 76' lang='lat' dir='ltr'>consistere</span> 
     </span>
     <span class='ocr_line' id='line_1_25' title="bbox 97 2940 1199 3037; baseline -0.004 -22"><span class='ocrx_word' id='word_1_166' title='bbox 97 2946 297 3037; x_wconf 82' lang='lat' dir='ltr'>possimus.</span> <span class='ocrx_word' id='word_1_167' title='bbox 333 2942 479 3015; x_wconf 88' lang='lat' dir='ltr'>Honori</span> <span class='ocrx_word' id='word_1_168' title='bbox 496 2944 606 3037; x_wconf 75' lang='lat' dir='ltr'>ipitur</span> <span class='ocrx_word' id='word_1_169' title='bbox 623 2947 698 3035; x_wconf 83' lang='lat' dir='ltr'>tuo,</span> <span class='ocrx_word' id='word_1_170' title='bbox 717 2944 749 3014; x_wconf 87' lang='lat' dir='ltr'>si</span> <span class='ocrx_word' id='word_1_171' title='bbox 768 2940 988 3033; x_wconf 74' lang='lat' dir='ltr'>eapostulati</span> <span class='ocrx_word' id='word_1_172' title='bbox 1007 2942 1199 3036; x_wconf 78' lang='lat' dir='ltr'>fuerimus,</span> 
     </span>
     <span class='ocr_line' id='line_1_26' title="bbox 9 3038 1200 3135; baseline -0.003 -19"><span class='ocrx_word' id='word_1_173' title='bbox 9 3038 10 3045; x_wconf 59' lang='lat'><em>&#39;</em></span> <span class='ocrx_word' id='word_1_174' title='bbox 101 3051 138 3116; x_wconf 88' lang='lat' dir='ltr'>et</span> <span class='ocrx_word' id='word_1_175' title='bbox 152 3068 222 3117; x_wconf 92' lang='lat' dir='ltr'>nos</span> <span class='ocrx_word' id='word_1_176' title='bbox 240 3050 414 3116; x_wconf 84' lang='lat' dir='ltr'>etnostra</span> <span class='ocrx_word' id='word_1_177' title='bbox 431 3046 681 3121; x_wconf 83' lang='lat' dir='ltr'>incunctanter</span> <span class='ocrx_word' id='word_1_178' title='bbox 701 3041 959 3135; x_wconf 88' lang='lat' dir='ltr'>impendemus.</span> <span class='ocrx_word' id='word_1_179' title='bbox 990 3041 1200 3114; x_wconf 87' lang='lat' dir='ltr'>Petitioncm</span> 
     </span>
     <span class='ocr_line' id='line_1_27' title="bbox 101 3140 1200 3238; baseline -0.003 -22"><span class='ocrx_word' id='word_1_180' title='bbox 101 3152 225 3218; x_wconf 88' lang='lat' dir='ltr'>autem</span> <span class='ocrx_word' id='word_1_181' title='bbox 233 3144 434 3238; x_wconf 86' lang='lat' dir='ltr'>parvulum</span> <span class='ocrx_word' id='word_1_182' title='bbox 448 3142 583 3237; x_wconf 84' lang='lat' dir='ltr'>apudt</span> <span class='ocrx_word' id='word_1_183' title='bbox 581 3167 600 3216; x_wconf 91' lang='lat' dir='ltr'>e</span> <span class='ocrx_word' id='word_1_184' title='bbox 614 3141 791 3236; x_wconf 89' lang='lat' dir='ltr'>deponere</span> <span class='ocrx_word' id='word_1_185' title='bbox 809 3166 881 3215; x_wconf 93' lang='lat' dir='ltr'>non</span> <span class='ocrx_word' id='word_1_186' title='bbox 896 3140 1001 3214; x_wconf 87' lang='lat' dir='ltr'>dubit</span> <span class='ocrx_word' id='word_1_187' title='bbox 985 3148 1040 3214; x_wconf 86' lang='lat' dir='ltr'>tc:</span> <span class='ocrx_word' id='word_1_188' title='bbox 1058 3166 1102 3215; x_wconf 87' lang='lat' dir='ltr'>ne</span> <span class='ocrx_word' id='word_1_189' title='bbox 1116 3165 1200 3213; x_wconf 90' lang='lat' dir='ltr'>con-</span> 
     </span>
     <span class='ocr_line' id='line_1_28' title="bbox 103 3240 1200 3361; baseline -0.004 -44"><span class='ocrx_word' id='word_1_190' title='bbox 103 3244 243 3331; x_wconf 77' lang='lat' dir='ltr'>fundas</span> <span class='ocrx_word' id='word_1_191' title='bbox 256 3248 390 3333; x_wconf 82' lang='lat' dir='ltr'>faciem</span> <span class='ocrx_word' id='word_1_192' title='bbox 408 3268 537 3317; x_wconf 87' lang='lat' dir='ltr'>meam</span> <span class='ocrx_word' id='word_1_193' title='bbox 587 3244 654 3316; x_wconf 86' lang='lat' dir='ltr'>Est</span> <span class='ocrx_word' id='word_1_194' title='bbox 638 3241 771 3361; x_wconf 80' lang='lat' dir='ltr'>tapud</span> <span class='ocrx_word' id='word_1_195' title='bbox 792 3242 934 3315; x_wconf 88' lang='lat' dir='ltr'>Obotrit</span> <span class='ocrx_word' id='word_1_196' title='bbox 919 3249 975 3314; x_wconf 88' lang='lat' dir='ltr'>tos</span> <span class='ocrx_word' id='word_1_197' title='bbox 987 3240 1200 3336; x_wconf 78' lang='lat' dir='ltr'>pontificale</span> 
     </span>
     <span class='ocr_line' id='line_1_29' title="bbox 103 3341 1200 3516; baseline -0.003 -100"><span class='ocrx_word' id='word_1_198' title='bbox 103 3346 277 3419; x_wconf 86' lang='lat' dir='ltr'>tributum</span> <span class='ocrx_word' id='word_1_199' title='bbox 278 3344 404 3445; x_wconf 76' lang='lat' dir='ltr'>‚qnod</span> <span class='ocrx_word' id='word_1_200' title='bbox 415 3369 488 3438; x_wconf 88' lang='lat' dir='ltr'>pro</span> <span class='ocrx_word' id='word_1_201' title='bbox 508 3343 681 3417; x_wconf 89' lang='lat' dir='ltr'>decima</span> <span class='ocrx_word' id='word_1_202' title='bbox 668 3366 768 3437; x_wconf 82' lang='lat' dir='ltr'>impu</span> <span class='ocrx_word' id='word_1_203' title='bbox 770 3350 881 3439; x_wconf 75' lang='lat' dir='ltr'>tatur,</span> <span class='ocrx_word' id='word_1_204' title='bbox 900 3342 944 3416; x_wconf 88' lang='lat' dir='ltr'>de</span> <span class='ocrx_word' id='word_1_205' title='bbox 958 3341 1117 3516; x_wconf 81' lang='lat' dir='ltr'>quolibet</span> <span class='ocrx_word' id='word_1_206' title='bbox 1132 3345 1200 3414; x_wconf 90' lang='lat' dir='ltr'>sci-</span> 
     </span>
     <span class='ocr_line' id='line_1_30' title="bbox 9 3442 1198 3543; baseline -0.003 -26"><span class='ocrx_word' id='word_1_207' title='bbox 9 3442 11 3517; x_wconf 78' lang='grc' dir='ltr'>ζ</span> <span class='ocrx_word' id='word_1_208' title='bbox 102 3402 452 3543; x_wconf 63' lang='lat' dir='ltr'>licctarubmqnod</span> <span class='ocrx_word' id='word_1_209' title='bbox 470 3444 613 3518; x_wconf 90' lang='lat' dir='ltr'>duobus</span> <span class='ocrx_word' id='word_1_210' title='bbox 631 3444 832 3519; x_wconf 87' lang='lat' dir='ltr'>bobust</span> <span class='ocrx_word' id='word_1_211' title='bbox 764 3451 832 3516; x_wconf 88' lang='lat' dir='ltr'>aut</span> <span class='ocrx_word' id='word_1_212' title='bbox 846 3467 919 3520; x_wconf 89' lang='lat' dir='ltr'>uno</span> <span class='ocrx_word' id='word_1_213' title='bbox 935 3450 1062 3516; x_wconf 89' lang='lat' dir='ltr'>consta</span> <span class='ocrx_word' id='word_1_214' title='bbox 1065 3449 1198 3539; x_wconf 77' lang='lat' dir='ltr'>teque,</span> 
     </span>
     <span class='ocr_line' id='line_1_31' title="bbox 9 3543 1199 3690; baseline -0.005 -70"><span class='ocrx_word' id='word_1_215' title='bbox 9 3626 10 3629; x_wconf 48' lang='lat'>,</span> <span class='ocrx_word' id='word_1_216' title='bbox 102 3570 274 3621; x_wconf 88' lang='lat' dir='ltr'>mensura</span> <span class='ocrx_word' id='word_1_217' title='bbox 289 3549 451 3643; x_wconf 78' lang='lat' dir='ltr'>pranict</span> <span class='ocrx_word' id='word_1_218' title='bbox 435 3549 520 3620; x_wconf 68' lang='lat' dir='ltr'>tth</span> <span class='ocrx_word' id='word_1_219' title='bbox 545 3570 605 3619; x_wconf 91' lang='lat' dir='ltr'>res</span> <span class='ocrx_word' id='word_1_220' title='bbox 604 3552 655 3618; x_wconf 86' lang='lat' dir='ltr'>tes</span> <span class='ocrx_word' id='word_1_221' title='bbox 604 3544 801 3618; x_wconf 86' lang='lat' dir='ltr'>tliniet</span> <span class='ocrx_word' id='word_1_222' title='bbox 822 3546 867 3618; x_wconf 82' lang='lat'>12</span> <span class='ocrx_word' id='word_1_223' title='bbox 886 3567 1025 3617; x_wconf 80' lang='lat' dir='ltr'>nummi</span> <span class='ocrx_word' id='word_1_224' title='bbox 1018 3543 1199 3690; x_wconf 48' lang='lat' dir='ltr'>probat?</span> 
     </span>
     <span class='ocr_line' id='line_1_32' title="bbox 101 3644 1197 3743; baseline -0.004 -22.407"><span class='ocrx_word' id='word_1_225' title='bbox 101 3655 261 3743; x_wconf 78' lang='lat' dir='ltr'>monete,</span> <span class='ocrx_word' id='word_1_226' title='bbox 269 3654 437 3740; x_wconf 87' lang='lat' dir='ltr'>preterea</span> <span class='ocrx_word' id='word_1_227' title='bbox 449 3670 544 3721; x_wconf 87' lang='lat' dir='ltr'>unus</span> <span class='ocrx_word' id='word_1_228' title='bbox 556 3669 737 3742; x_wconf 74' lang='lat' dir='ltr'>nummus,</span> <span class='ocrx_word' id='word_1_229' title='bbox 752 3670 813 3742; x_wconf 80' lang='lat' dir='ltr'>qui</span> <span class='ocrx_word' id='word_1_230' title='bbox 806 3644 971 3718; x_wconf 87' lang='lat' dir='ltr'>debetur</span> <span class='ocrx_word' id='word_1_231' title='bbox 985 3644 1197 3739; x_wconf 52' lang='lat' dir='ltr'>coilipentit</span> 
     </span>
     <span class='ocr_line' id='line_1_33' title="bbox 9 3742 1199 3844; baseline -0.003 -23"><span class='ocrx_word' id='word_1_232' title='bbox 9 3742 10 3781; x_wconf 38' lang='lat' dir='ltr'>l</span> <span class='ocrx_word' id='word_1_233' title='bbox 101 3748 185 3821; x_wconf 84' lang='lat' dir='ltr'>Hoc</span> <span class='ocrx_word' id='word_1_234' title='bbox 201 3773 257 3823; x_wconf 87' lang='lat' dir='ltr'>me</span> <span class='ocrx_word' id='word_1_235' title='bbox 275 3771 365 3844; x_wconf 75' lang='lat' dir='ltr'>rapo</span> <span class='ocrx_word' id='word_1_236' title='bbox 378 3750 571 3842; x_wconf 86' lang='lat' dir='ltr'>permittas</span> <span class='ocrx_word' id='word_1_237' title='bbox 589 3745 769 3842; x_wconf 65' lang='lat' dir='ltr'>contuere,</span> <span class='ocrx_word' id='word_1_238' title='bbox 794 3745 906 3840; x_wconf 87' lang='lat' dir='ltr'>deput</span> <span class='ocrx_word' id='word_1_239' title='bbox 890 3744 1104 3818; x_wconf 85' lang='lat' dir='ltr'>ttandum</span> <span class='ocrx_word' id='word_1_240' title='bbox 1068 3769 1087 3817; x_wconf 89' lang='lat' dir='ltr'>s</span> <span class='ocrx_word' id='word_1_241' title='bbox 1088 3752 1199 3838; x_wconf 79' lang='lat' dir='ltr'>ipen</span> 
     </span>
    </p>
   </div>
   <div class='ocr_carea' id='block_1_3' title="bbox 9 3844 1201 4249">
    <p class='ocr_par' dir='ltr' id='par_1_4' title="bbox 9 3844 1201 4249">
     <span class='ocr_line' id='line_1_34' title="bbox 9 3844 1200 3966; baseline -0.003 -45"><span class='ocrx_word' id='word_1_242' title='bbox 9 3850 11 3887; x_wconf 41' lang='lat' dir='ltr'>l</span> <span class='ocrx_word' id='word_1_243' title='bbox 103 3848 176 3923; x_wconf 87' lang='lat' dir='ltr'>diis</span> <span class='ocrx_word' id='word_1_244' title='bbox 193 3852 395 3966; x_wconf 69' lang='lat' dir='ltr'>nepisina,</span> <span class='ocrx_word' id='word_1_245' title='bbox 413 3848 484 3938; x_wconf 78' lang='lat' dir='ltr'>filie</span> <span class='ocrx_word' id='word_1_246' title='bbox 501 3847 737 3921; x_wconf 87' lang='lat' dir='ltr'>scilicetmee.</span> <span class='ocrx_word' id='word_1_247' title='bbox 777 3845 885 3936; x_wconf 84' lang='lat' dir='ltr'>Quod</span> <span class='ocrx_word' id='word_1_248' title='bbox 901 3870 946 3919; x_wconf 90' lang='lat' dir='ltr'>ne</span> <span class='ocrx_word' id='word_1_249' title='bbox 962 3844 1200 3934; x_wconf 78' lang='lat' dir='ltr'>fortitudetui</span> 
     </span>
     <span class='ocr_line' id='line_1_35' title="bbox 9 3940 1199 4043; baseline 0.001 -24"><span class='ocrx_word' id='word_1_250' title='bbox 9 4014 10 4019; x_wconf 75' lang='grc'><strong>,</strong></span> <span class='ocrx_word' id='word_1_251' title='bbox 100 3952 276 4023; x_wconf 83' lang='lat' dir='ltr'>iniuriam</span> <span class='ocrx_word' id='word_1_252' title='bbox 302 3956 338 4022; x_wconf 86' lang='lat' dir='ltr'>ct</span> <span class='ocrx_word' id='word_1_253' title='bbox 357 3973 500 4025; x_wconf 87' lang='lat' dir='ltr'>annone</span> <span class='ocrx_word' id='word_1_254' title='bbox 517 3956 576 4021; x_wconf 84' lang='lat' dir='ltr'>tue</span> <span class='ocrx_word' id='word_1_255' title='bbox 601 3940 874 4021; x_wconf 87' lang='lat' dir='ltr'>diminutionem</span> <span class='ocrx_word' id='word_1_256' title='bbox 903 3945 1199 4043; x_wconf 66' lang='lat' dir='ltr'>emereamur,</span> 
     </span>
     <span class='ocr_line' id='line_1_36' title="bbox 102 4048 1201 4169; baseline -0.002 -46.156"><span class='ocrx_word' id='word_1_257' title='bbox 102 4050 227 4123; x_wconf 87' lang='lat' dir='ltr'>adicio</span> <span class='ocrx_word' id='word_1_258' title='bbox 240 4053 465 4169; x_wconf 83' lang='lat' dir='ltr'>possessioni</span> <span class='ocrx_word' id='word_1_259' title='bbox 483 4051 571 4122; x_wconf 85' lang='lat' dir='ltr'>tue</span> <span class='ocrx_word' id='word_1_260' title='bbox 558 4074 596 4122; x_wconf 82' lang='lat' dir='ltr'>cn</span> <span class='ocrx_word' id='word_1_261' title='bbox 613 4048 766 4144; x_wconf 75' lang='lat' dir='ltr'>sinpults</span> <span class='ocrx_word' id='word_1_262' title='bbox 784 4048 946 4143; x_wconf 81' lang='lat' dir='ltr'>urbibus,</span> <span class='ocrx_word' id='word_1_263' title='bbox 971 4072 1039 4145; x_wconf 80' lang='lat' dir='ltr'>que</span> <span class='ocrx_word' id='word_1_264' title='bbox 1060 4051 1201 4121; x_wconf 85' lang='lat' dir='ltr'>suntin</span> 
     </span>
     <span class='ocr_line' id='line_1_37' title="bbox 100 4148 1201 4249; baseline -0.001 -25"><span class='ocrx_word' id='word_1_265' title='bbox 100 4158 204 4225; x_wconf 87' lang='lat' dir='ltr'>terra</span> <span class='ocrx_word' id='word_1_266' title='bbox 232 4152 375 4225; x_wconf 86' lang='lat' dir='ltr'>Obot&#39;t</span> <span class='ocrx_word' id='word_1_267' title='bbox 310 4159 357 4225; x_wconf 82' lang='lat' dir='ltr'>tri</span> <span class='ocrx_word' id='word_1_268' title='bbox 360 4159 491 4247; x_wconf 77' lang='lat' dir='ltr'>torum,</span> <span class='ocrx_word' id='word_1_269' title='bbox 514 4149 622 4223; x_wconf 86' lang='lat' dir='ltr'>villas</span> <span class='ocrx_word' id='word_1_270' title='bbox 648 4172 742 4246; x_wconf 85' lang='lat' dir='ltr'>quas</span> <span class='ocrx_word' id='word_1_271' title='bbox 764 4152 840 4244; x_wconf 89' lang='lat' dir='ltr'>ipse</span> <span class='ocrx_word' id='word_1_272' title='bbox 858 4148 1017 4244; x_wconf 81' lang='lat' dir='ltr'>cleperis,</span> <span class='ocrx_word' id='word_1_273' title='bbox 1044 4152 1201 4249; x_wconf 83' lang='lat' dir='ltr'>caccptis</span> 
     </span>
    </p>
   </div>
   <div class='ocr_carea' id='block_1_4' title="bbox 9 4274 953 4432">
    <p class='ocr_par' dir='ltr' id='par_1_5' title="bbox 9 4274 953 4432">
     <span class='ocr_line' id='line_1_38' title="bbox 9 4274 953 4354; baseline -0.003 -21"><span class='ocrx_word' id='word_1_274' title='bbox 9 4292 10 4303; x_wconf 58' lang='lat'>*</span> <span class='ocrx_word' id='word_1_275' title='bbox 101 4280 257 4354; x_wconf 84' lang='lat' dir='ltr'>l)V.lior</span> <span class='ocrx_word' id='word_1_276' title='bbox 258 4283 361 4335; x_wconf 84' lang='lat' dir='ltr'>acad</span> <span class='ocrx_word' id='word_1_277' title='bbox 362 4280 427 4341; x_wconf 98' lang='grc'>,32</span> <span class='ocrx_word' id='word_1_278' title='bbox 501 4274 953 4353; x_wconf 68' lang='lat' dir='ltr'>2JV.suprac..e..12tt087</span> 
     </span>
     <span class='ocr_line' id='line_1_39' title="bbox 927 4366 948 4432; baseline 0 0"><span class='ocrx_word' id='word_1_279' title='bbox 927 4366 948 4432; x_wconf 89' lang='grc'><strong>3</strong></span> 
     </span>
    </p>
   </div>
   <div class='ocr_carea' id='block_1_5' title="bbox 0 0 1504 4900">
    <p class='ocr_par' dir='ltr' id='par_1_6' title="bbox 0 0 1504 4900">
     <span class='ocr_line' id='line_1_40' title="bbox 0 0 1504 4900; baseline 0 1"><span class='ocrx_word' id='word_1_280' title='bbox 0 0 1504 4900; x_wconf 95' lang='lat' dir='ltr'> </span> 
     </span>
    </p>
   </div>
  </div>
 </body>
</html>
