3000 4900
252 377 277 447 8
391 367 640 475 HELMOLDI
668 367 913 440 CHRONICA
939 364 1207 440 SLAVORUM.

240 575 397 644 *tantum
421 568 584 664 capitula
603 593 647 643 eu
673 566 797 642 codice
820 567 929 643 hocce
954 566 1118 641 lectionis
1141 571 1355 642 uarietatem
1494 660 1495 663 Ἴ

255 671 361 745 nobis
373 670 586 764 praebuere.
991 756 994 760 A

333 771 375 868 2)
396 772 534 843 Tertius
553 769 916 844 codeaHelmoldum
933 766 1257 866 atqueArnoldum
1270 793 1356 843 con·
1400 820 1403 823 -

258 873 373 944 tinens
391 873 429 944 in
446 871 660 945 bibliotheca
677 871 867 944 Lubieensi
879 869 1033 964 publica
1051 876 1276 965 asservatur,
1296 894 1357 942 co·

258 970 329 1044 deu
355 970 569 1045 chartaceus
599 996 694 1045 saec.
722 973 757 1045 X
761 971 982 1065 [scriptus
1011 972 1136 1058 forma
1167 969 1356 1066 quadratu

256 1094 353 1144 nunc
370 1070 547 1160 foliorum
565 1079 619 1146 est
635 1073 720 1168 205,
745 1072 1011 1161 fasciculorum
1041 1095 1085 1143 eu
1102 1069 1281 1144 duodenis
1298 1073 1356 1159 fo·
1494 1122 1495 1133 η

258 1171 318 1245 liis
337 1175 660 1267 constantium175
682 1179 740 1248 18.
754 1175 877 1266 primo
896 1170 988 1260 folio
1008 1170 1356 1264 tenuspostmodum

259 1279 417 1346 resectus
431 1280 492 1346 est.
511 1275 569 1345 Ita
583 1278 625 1362 fit
639 1281 682 1346 ut
696 1277 734 1346 in
746 1272 816 1345 hoc
829 1271 953 1358 codice
970 1272 1100 1344 ultima
1113 1271 1197 1344 libri
1213 1274 1356 1365 septimi
1494 1258 1495 1305 l

259 1371 414 1446 Arnoldi
430 1373 514 1447 inde
539 1397 564 1446 a
583 1398 663 1467 cap.
686 1377 742 1448 16.
771 1373 888 1446 uerbis
906 1373 1037 1446 Poloni
1059 1395 1209 1469 quoquo
1226 1371 1358 1448 Boemi
1494 1426 1495 1439 2

260 1472 456 1669 dmlllhque
480 1571 696 1645 Helmoldus
722 1581 776 1646 est
800 1576 947 1668 inteyer,
977 1597 1059 1646 oum
1089 1575 1121 1644 ei
1152 1571 1247 1646 desit
1274 1595 1357 1643 cum

254 1676 489 1766 praefatione
507 1672 559 1745 ad
577 1680 704 1767 patres
721 1675 935 1747 Lubieenses
960 1673 1100 1746 directa
1117 1677 1228 1746 totius
1245 1672 1356 1745 histo·

262 1777 341 1846 riae
359 1774 506 1866 titulus..
550 1773 651 1862 Quae
677 1799 759 1846 curn
780 1778 903 1869 primo
931 1773 1068 1847 codicis
1092 1774 1185 1862 solio
1207 1775 1361 1867 periisse
1494 1770 1495 1793 ³

262 1873 345 1947 ideo
365 1882 418 1947 est
432 1873 651 1970 necandum,
678 1875 778 1972 quod
799 1879 944 1969 primus
966 1875 1074 1948 huius
1092 1873 1228 1947 codicis
1245 1876 1358 1962 fasci·
1494 1926 1495 1941 i

264 1975 368 2048 culus
387 1975 641 2048 duodenorum
661 1979 758 2048 sicut
773 1980 880 2049 ceteri
896 1983 953 2048 est
967 1975 1155 2062 foliorum.

343 2075 461 2147 Unum
479 2074 701 2172 addendum,
725 2076 821 2150 hunc
846 2076 979 2149 librum
1003 2077 1291 2168 manuscriptum
1310 2074 1358 2146 ab
1494 2096 1495 2141 3

264 2172 843 2250 AndreaPouchenioLubieensis
861 2177 1032 2250 eeclesiae
1050 2175 1359 2271 superintendente

265 2275 453 2372 quondam
471 2300 680 2350 concessum
696 2279 896 2373 Reineccio,
914 2285 1023 2375 atque
1034 2285 1125 2371 post
1148 2301 1228 2350 eum
1247 2301 1290 2349 en
1308 2276 1359 2349 bi·

266 2375 444 2449 bliotheca
461 2376 649 2451 Lubieensi
666 2386 814 2452 nactum
833 2403 910 2452 esse
925 2379 1161 2475 Bunyertum.
1208 2376 1361 2474 Uterque

264 2478 333 2551 hoc
351 2478 443 2553 libro
462 2480 499 2550 in
518 2478 675 2553 editione
697 2504 768 2552 sna
787 2479 1011 2569 conficienda
1023 2504 1095 2573 pro
1119 2478 1360 2566 fundamento

223 2582 227 2589 '
265 2603 354 2651 usus
373 2585 434 2651 est.
475 2578 529 2651 De
546 2577 709 2653 Arnoldo
735 2585 908 2668 conferas
933 2580 1190 2654 adnotationes
1213 2586 1363 2653 nostros

266 2680 333 2751 sub
352 2703 386 2752 n.
406 2683 429 2751 8
448 2681 581 2767 factas.

298 2808 300 2813 ’
343 2780 385 2876 3)
399 2778 529 2852 Codice
542 2783 579 2853 in
591 2784 774 2875 aymnasii
781 2781 1008 2854 Stettinensis
1023 2782 1236 2854 bibliotheca
1249 2805 1363 2878 quon-

269 2877 358 2951 dom
367 2888 554 2953 asservato
564 2882 798 2955 Helmoldum
813 2882 1056 2956 etdrnoldum
1066 2886 1265 2956 continente
1274 2904 1363 2954 usus
1494 2933 1495 2960 r

269 2987 323 3052 est
337 2981 554 3077 bannerius)
578 2985 640 3079 qui
657 2983 766 3056 huius
789 3008 930 3081 quoqne
953 2983 1090 3056 codicis
1115 2983 1283 3056 lectiones
1300 3006 1363 3055 oa·

268 3084 347 3153 rias
364 3084 401 3152 in
420 3080 574 3154 editione
598 3107 668 3155 sna
686 3084 792 3156 nobis
817 3087 984 3157 seroooit.
1029 3083 1127 3157 Nom
1151 3084 1266 3156 oodeu
1288 3087 1365 3177 ipse
1494 3097 1495 3142 ἒ

269 3205 366 3254 nunc
383 3181 524 3255 videtur
536 3186 701 3281 periisse,
719 3210 833 3283 neque
851 3185 1088 3281 apoyrophus
1108 3186 1249 3257 iubente
1267 3185 1365 3256 Chri·
1494 3203 1496 3256 t

270 3285 368 3354 stina
392 3282 544 3355 Succine
562 3288 689 3379 recino
710 3285 828 3379 paulo
853 3292 936 3359 onte
962 3309 1099 3358 annum
1120 3288 1215 3360 1657
1243 3287 1392 3373 factus>

271 3383 333 3454 ubi
351 3406 446 3454 nnnc
472 3384 693 3458 recondatur
720 3393 872 3459 constat.
918 3388 1080 3460 Ceterum
1106 3386 1221 3459 coelen
1247 3385 1367 3460 Stetti·
1494 3394 1496 3470 ἶ

272 3484 393 3555 nensis
410 3484 518 3556 valde
537 3510 716 3559 consonus
735 3491 809 3575 fuit
822 3489 1021 3560 Lubieensi.
1494 3553 1495 3560 ,

349 3584 392 3680 4)
421 3584 615 3659 Christiani
644 3587 882 3661 Distelmeieri
909 3588 1032 3683 codice
1058 3612 1154 3660 nunc
1181 3586 1366 3680 deperdito
1452 3652 1455 3658 .

274 3706 363 3756 usus
381 3692 435 3757 est
449 3687 667 3760 Reineccius.
697 3691 739 3761 ln
758 3713 828 3786 quo
848 3689 1112 3762 dedicationem
1130 3688 1274 3785 quidem
1283 3687 1368 3762 Hel·

272 3784 387 3857 moldi
406 3786 457 3857 ad
475 3792 671 3861 canonicos
688 3791 904 3863 Lubieenses
922 3789 1063 3885 datam,
1081 3813 1175 3886 quae
1193 3789 1293 3864 deest
1308 3813 1367 3862 co·

274 3884 415 3958 dicibus
430 3892 565 3983 cerens,
581 3892 939 3985 reperitReineccius,
953 3894 990 3964 in
1004 3891 1145 3986 reliqua
1163 3916 1247 3964 uero
1257 3898 1366 3984 parte

274 3991 398 4059 tantae
416 3989 566 4073 fuerunt
590 3991 757 4086 lacunae,
784 3999 827 4064 ut
848 3993 944 4064 hunc
968 3991 1128 4063 codicem
1147 4016 1220 4085 pro
1241 3994 1367 4087 prima
1418 4022 1423 4028 ·

274 4085 437 4260 gundum
456 4093 575 4181 operis
594 4092 874 4166 adumbratione
895 4093 942 4164 ab
960 4091 1155 4164 Helmoldo
1182 4096 1286 4180 facto
1302 4092 1367 4165 ha·

298 4209 374 4258 uere
393 4244 399 4258 .
