3000 4900
176 454 419 529 HELMOLDI
439 446 969 530 CHRONlCA'SLAVORUM.
996 454 1083 528 LlB.
1103 455 1128 526 l.
1181 457 1231 530 63

133 681 209 728 non
233 657 385 730 fuerunt
409 681 432 728 a
459 655 590 730 diebus
615 655 791 755 antiquis.
835 657 881 729 Et
903 655 954 728 hii
979 655 1145 754 quidem,
1170 654 1233 753 qui

132 756 356 831 videbantur
381 757 627 855 perfectiores
658 768 696 831 et
724 757 926 856 columpne
953 757 990 828 in
1018 759 1131 828 doum
1150 755 1231 851 uei,

133 858 364 932 adheserunt
377 858 573 956 Gregorio,
589 857 717 953 ceteri,
733 881 828 955 quos
843 867 908 930 aut
920 855 1035 930 timor
1048 867 1114 930 aut
1126 858 1234 930 favor

135 982 312 1032 cesareus
333 963 482 1056 agebat,
510 959 630 1034 secuti
658 969 746 1032 sunt
764 958 986 1054 Wibertumq
1014 956 1132 1056 quiet
1152 957 1234 1032 Cle·

132 1083 253 1132 mens.
305 1059 536 1157 Duravitque
555 1059 694 1134 scisma
714 1060 789 1131 hoc
807 1060 855 1134 25
874 1057 993 1131 annis.
1045 1058 1235 1131 Defuncto

133 1159 234 1232 enim
262 1160 444 1257 Gregorio
464 1161 651 1235 successit
668 1158 901 1255 Desiderius,
928 1169 1145 1257 postquem
1165 1160 1233 1232 Ur-

131 1265 273 1357 banus,
300 1261 434 1334 deinde
463 1262 679 1356 Paschalis7
706 1259 767 1358 qui
798 1283 932 1333 omnes
962 1259 1232 1359 imperatorem

132 1385 218 1433 cum
234 1385 332 1460 papa
347 1385 416 1434 suo
432 1361 832 1434 excommunicationis
848 1360 1036 1433 sententia
1052 1363 1233 1457 dampna·

129 1473 279 1558 verunt,
306 1463 543 1535 continentes
572 1486 615 1536 sc
644 1464 740 1559 apud
770 1459 1078 1558 regesF1·ancie‚
1105 1460 1234 1536 Sicilie

131 1572 170 1635 ct
187 1562 382 1660 Hispania,
401 1563 462 1662 qui
482 1562 707 1636 catholicam
726 1573 872 1659 partem
887 1561 984 1634 tueri
999 1561 1233 1636 videbantur.

207 1663 377 1737 Saxones
416 1687 586 1761 quoque⁷
620 1673 821 1762 postquam
851 1665 898 1736 de
926 1665 1018 1736 cede
1044 1662 1146 1736 vires
1174 1687 1232 1737 re·

130 1773 426 1862 cuperaverunt,
462 1774 676 1837 statuerunt
705 1763 775 1836 sibi
805 1785 939 1860 regem
969 1764 1231 1837 Hermannum

130 1869 334 1962 quendam⁷
359 1875 612 1962 cognomento
632 1862 836 1958 ctufloch1,
863 1874 902 1936 et
927 1863 1232 1939 instauraverunt

128 1965 290 2062 prelium
310 1968 493 2039 adversus
512 1965 728 2038 Heinricum
750 1987 934 2038 cesarem.
974 1966 1145 2063 Cumque
1164 1965 1231 2039 Sa*

128 2090 272 2139 xonum
307 2091 428 2140 novus
462 2067 660 2165 princeps,
695 2067 861 2139 secundo
892 2065 1034 2163 potitus
1062 2065 1231 2161 victoria,

131 2177 297 2239 castrum
316 2170 501 2265 quoddam
522 2167 642 2240 victor
659 2166 934 2264 ingrederetur,
961 2165 1117 2264 contigit
1134 2167 1230 2240 miro

129 2267 199 2341 Dei
225 2267 375 2365 iudicio,
401 2279 441 2340 ut
468 2279 577 2367 porta
605 2267 815 2341 cardinibus
841 2268 1032 2340 avulsere
1063 2292 1124 2340 em
1144 2293 1230 2341 cum

129 2368 213 2441 aliis
229 2369 527 2469 quamplurimis
543 2367 758 2442 attriverit2.
779 2371 1020 2466 Conatusque
1035 2293 1229 2442 {ananum

130 2471 245 2543 etiam
264 2479 354 2543 tnnc
372 2471 572 2559 frustratus
591 2470 762 2543 concidit.
788 2470 867 2543 Nec
881 2470 1098 2541 adiecerunt
1112 2466 1233 2544 ultra³

129 2596 270 2643 novum
288 2591 418 2644 creare
433 2595 579 2668 regem,
599 2595 670 2644 nec
684 2594 789 2644 arma
804 2570 903 2642 ferre
918 2573 1102 2643 adversus
1117 2570 1230 2645 Hein-

128 2672 249 2745 ricum
266 2695 452 2767 cesarem7
465 2673 637 2745 videntes
654 2672 687 2744 ci
701 2695 862 2768 regnum
879 2671 1095 2745 conservari
1105 2670 1230 2745 divina

127 2773 322 2846 voluntate
342 2777 573 2871 approbante
593 2772 673 2846 sive
693 2770 969 2870 permittentel.
1063 2821 1065 2825 -

204 2876 264 2947 31.
292 2872 346 2945 De
364 2872 519 2967 epistola
536 2874 634 2946 Petri
651 2872 833 2946 monachi.
880 2873 956 2946 Res
976 2872 1088 2971 digna
1108 2872 1237 2945 relatu·

128 2973 437 3072 posteritatisque
465 2974 647 3047 memoria
676 2973 833 3071 contigit
859 2973 895 3045 in
915 2972 1045 3046 diebus
1065 2972 1229 3046 Heinrici

129 3074 292 3149 senioris
315 3073 544 3149 novissimis.
597 3076 692 3148 Nam
723 3076 855 3149 Petrus
886 3073 1057 3173 quidam,
1084 3097 1227 3172 genere

127 3175 320 3274 Hispanus
333 3173 360 3271 ⁵,
385 3175 623 3274 professione
652 3176 878 3271 monachus,
904 3175 1102 3273 ingressus
1130 3173 1321 3249 finesuao.

127 3275 289 3349 Romani
316 3275 477 3376 imperii,
504 3300 637 3351 vocem
660 3276 926 3375 predicationis
947 3275 1074 3350 emisit
1090 3276 1128 3348 in
1149 3276 1229 3349 uni·

128 3400 241 3450 verso
266 3401 403 3475 regno,
431 3380 635 3451 adhortans
661 3378 841 3475 populos,
868 3377 923 3450 ire
941 3376 1228 3451 lherosolimam

127 3501 198 3575 pro
216 3477 437 3551 liberatione
454 3478 611 3554 civitatis
631 3488 777 3569 sancte,
799 3501 872 3575 que
890 3482 1089 3551 tenebatur
1107 3502 1129 3551 a
1148 3483 1229 3552 bar·

126 3577 241 3651 baris.
278 3579 431 3652 Protulit
449 3590 576 3653 autem
597 3578 811 3679 epistolam,
830 3603 943 3677 quam
963 3581 1009 3652 de
1029 3579 1109 3652 celo
1130 3578 1229 3652 affir-

127 3678 249 3751 mavit
272 3678 442 3777 allatam,
468 3680 505 3753 in
534 3706 606 3779 qua
634 3680 893 3754 continebatur
911 3680 1115 3779 scriptum,
1142 3680 1227 3777 quia

129 3879 156 3948 1)
184 3879 294 3942 allium,
313 3879 485 3935 Knoblaucb.
573 3881 600 3952 2)
627 3880 708 3935 flaud
729 3881 842 3935 multum
863 3879 951 3934 aliena
971 3888 1049 3946 sunt,
1075 3896 1145 3951 quae
1164 3878 1226 3934 vm

126 3951 254 4006 Heinrici
275 3950 322 4007 lV.
340 3954 405 4025 imp.
425 3972 449 4011 c.
470 3955 495 4010 4.
516 3956 620 4025 profert
638 3958 671 4009 de
691 3963 778 4009 morto
796 3952 958 4008 Hermanni.
1052 3951 1079 4025 3)
1106 3955 1228 4008 Adttccre

128 4028 202 4081 ultro
222 4042 270 4096 pro
290 4031 451 4099 continuare,
472 4032 572 4084 audere
590 4028 713 4083 similiter
733 4035 879 4097 usurpatur
898 4044 957 4097 cap.
977 4024 1014 4079 38
1034 4026 1052 4083 f.
1073 4026 1142 4080 631.
1168 4024 1228 4080 Ατ-

127 4099 205 4154 nold.
227 4096 262 4163 ll,
284 4099 326 4151 ld.
348 4099 391 4154 ll.
449 4100 476 4174 d)
496 4101 529 4157 V.
550 4100 656 4157 Stcnzcl
676 4100 708 4155 T.
729 4100 750 4156 l.
770 4118 797 4171 p.
815 4099 867 4152 491
890 4110 917 4155 et
935 4099 999 4154 53⁰.
1061 4099 1087 4171 5)
1108 4096 1228 4163 Constat,
1267 4153 1269 4156 .

126 4170 242 4225 Petrum
269 4170 415 4227 Eramitam
442 4192 496 4228 non
523 4176 557 4229 de
584 4173 731 4245 Hispania,
761 4175 809 4227 sed
829 4175 863 4227 de
881 4173 989 4227 civitate
1007 4169 1120 4227 Amicus
1138 4182 1229 4227 ortum

127 4244 225 4299 fuisso.
266 4243 344 4301 Conf.
372 4246 470 4303 Annal.
490 4245 525 4303 ·S.
551 4246 676 4303 Disibodi
701 4264 725 4301 a.
753 4246 838 4299 1096:
864 4248 968 4317 quidam
992 4248 1108 4301 inclusus
1130 4247 1175 4317 P.,
1200 4251 1229 4301 in

123 4316 224 4385 finibus
243 4319 389 4390 Hispaniae
415 4326 567 4377 constitutus
594 4320 650 4391 (ubi
670 4320 786 4376 fortasse
805 4321 948 4390 legendum
968 4319 1033 4373 luit:
1057 4320 1231 4389 Hocdontoc).
