3000 4900
154 446 400 521 HELMOLDI
420 445 659 521 CHRONICA
678 444 946 519 SLAVORUM.
972 444 1058 519 LIB.
1078 445 1104 518 I.
1159 448 1226 521 16¹1

124 648 209 720 dem
222 646 289 721 sed
296 654 408 743 prata
417 648 655 719 assecutione.
675 646 780 719 Tunc
790 645 1114 747 archiepiscopus:
1134 644 1229 741 Apo·

125 748 272 844 stotica,
291 747 422 845 inquit,
439 746 543 819 sedes
554 751 737 840 potestate
749 769 832 841 sua,
847 748 906 819 cai
919 754 1014 819 certe
1027 746 1140 819 obniti
1153 770 1228 819 non

120 871 334 944 possumus,
351 870 422 921 asa
446 854 498 920 est
514 851 552 920 in
570 850 842 921 consecratione
858 850 978 943 nestri,
1005 870 1073 943 que
1090 846 1142 919 ad
1159 871 1227 920 nos

123 953 206 1021 iure
223 947 425 1043 spectabat.
454 947 529 1020 Sed
542 946 627 1020 buic
643 950 775 1021 iniurie
791 969 922 1019 rursus
936 946 1100 1041 prouidit
1116 966 1226 1019 rane·

127 1049 243 1145 diurn7
261 1047 489 1145 desipnando
507 1047 613 1121 nobis
626 1072 695 1142 per
712 1047 866 1143 litteras,
884 1046 974 1120 nihil
986 1050 1023 1119 in
1035 1046 1104 1118 boc
1121 1049 1225 1132 facto

125 1151 343 1222 auctoritati
365 1156 490 1222 nostre
516 1148 561 1221 de
590 1155 711 1221 nestra
740 1148 961 1221 subiectione
983 1147 1223 1220 subtractum.

125 1251 334 1349 Respondit
355 1251 576 1347 episcopus:
609 1248 695 1321 Scio
717 1248 874 1344 quidem,
893 1272 957 1320 nec
978 1247 1140 1337 diffiteor
1156 1246 1225 1320 hoc

122 1355 180 1424 ita
199 1375 275 1423 esse
299 1357 344 1422 ut
365 1349 497 1445 dicitis,
517 1356 553 1421 et
575 1350 620 1421 ob
637 1349 707 1421 boc
724 1352 845 1442 ipsum
861 1352 952 1443 oeni,
981 1353 1023 1419 ut
1039 1347 1223 1420 enbibearn

121 1476 182 1525 rne
208 1454 245 1524 in
265 1451 421 1547 hiisque
443 1449 556 1545 dipna
574 1457 661 1522 sunt
676 1449 790 1545 nobis,
817 1455 860 1520 ut
874 1450 1066 1543 sopiantur
1084 1448 1223 1520 discor-

118 1550 196 1647 die,
214 1559 249 1624 et
264 1554 514 1623 instaurentur
532 1574 576 1622 ea
594 1574 663 1647 que
675 1552 784 1644 pacis
801 1556 894 1621 sunt.
922 1550 1065 1621 Iustum
1082 1572 1223 1645 quoque

122 1653 299 1747 arbitror,
322 1658 365 1724 ut
386 1651 491 1723 nobis
513 1675 582 1747 quc
604 1652 766 1723 subiecta
784 1657 872 1722 sunt
886 1649 1120 1723 sentientibus
1133 1674 1221 1743 pro·

122 1750 277 1826 uideatis
285 1754 562 1824 sustentationis
575 1750 850 1823 adminiculum.
873 1749 1220 1823 Militantibusenint

120 1852 299 1926 debentur
322 1851 499 1925 subsidia.
539 1853 584 1924 Et
602 1852 674 1924 hiis
701 1852 807 1924 dictis
834 1861 1046 1923 statuerunt
1064 1855 1109 1923 ad
1129 1852 1220 1923 invi·

122 1977 207 2027 cem
228 1952 425 2047 amicitias,
445 1952 707 2049 promittentes
727 1951 949 2023 alterutrum
964 1952 1000 2022 in
1017 1952 1220 2025 necessita·

119 2055 220 2127 tibus
240 2076 353 2151 opem
372 2050 586 2124 vicariam1.
1239 2134 1242 2141 Ι

196 2155 285 2226 lnde
311 2152 525 2250 digrediens
553 2152 755 2250 episcopus
779 2152 1112 2225 nosterGeroldus
1133 2150 1221 2225 abiit

119 2255 310 2345 Bremam,
330 2272 557 2326 occursurus
577 2253 670 2325 duci.
702 2253 767 2324 Ille
789 2252 888 2325 eninr
904 2252 1074 2325 offensus
1088 2252 1220 2325 Freso·

3 2422 4 2426 ,
119 2356 229 2427 nibus
249 2354 310 2453 qui
329 2354 502 2426 dicuntur
518 2353 680 2449 Rustri²7
704 2353 808 2425 venit
826 2348 1003 2425 Brennum
1030 2352 1066 2423 in
1087 2352 1308 2429 Calon-1155.

119 2457 175 2530 dis
194 2455 430 2550 Novembris,
448 2466 485 2526 et
504 2455 591 2526 feeit
610 2454 879 2551 comprehendi
900 2464 1080 2551 quotquot
1099 2456 1144 2525 ad
1164 2436 1330 2524 fo-N⁰V·¹·

119 2581 204 2629 rum
224 2566 419 2651 venerant,
446 2566 485 2628 et
503 2553 733 2629 substantias
755 2578 885 2628 eorum
905 2553 1022 2650 diripi.
1059 2553 1219 2627 Interro-

116 2667 230 2754 gatus
249 2666 411 2729 autema
427 2656 521 2727 duee
536 2655 663 2752 presul
678 2665 821 2752 noster,
841 2654 999 2752 qualiter
1015 2665 1217 2752 susceptus

118 2757 230 2830 fuerit
256 2761 302 2830 ab
325 2755 630 2853 archiepiscopo‚
654 2755 801 2828 loeutus
828 2766 887 2828 est
914 2758 1009 2827 bona
1038 2759 1083 2828 de
1110 2779 1155 2828 eo
1181 2766 1219 2828 et

117 2856 260 2930 studuit
293 2854 411 2930 lenire
444 2855 611 2926 animum
639 2857 720 2928 eins
754 2855 851 2928 circa
880 2855 1217 2953 archiepiscopum.

3 2972 4 3003 ἒ
116 2958 329 3030 Inveterate
355 2956 454 3028 enirn
476 2954 679 3051 inimicitie,
705 2980 777 3053 que
797 2958 935 3029 dudum
953 2956 1104 3028 fuerant
1120 2955 1219 3028 inter

3 3127 4 3137 ,
118 3082 200 3152 eos,
212 3080 256 3130 eo
271 3068 443 3155 tempore
458 3057 685 3128 invenerunt
696 3056 822 3129 locum
834 3055 1046 3154 grassandi,
1057 3079 1102 3129 eo
1119 3058 1217 3154 qnod

117 3157 427 3256 archiepiscopus
480 3156 674 3230 omisisset
724 3155 891 3228 Italicam
940 3157 1217 3254 expeditionem

116 3270 382 3355 transgressor
406 3257 624 3352 iuramenti,
662 3267 841 3355 essetque
876 3281 966 3329 reus
997 3257 1233 3337 maiestatis„

117 3361 222 3434 Unde
250 3359 369 3453 etiarn,
388 3357 537 3454 legatus
573 3358 811 3456 imperatoris
841 3357 999 3431 veniens
1026 3357 1217 3455 Bremam,

116 3458 317 3556 occupavit
341 3481 475 3530 omnes
502 3468 627 3531 curtes
656 3457 906 3556 episcopales⁷
935 3468 972 3530 et
994 3482 1216 3557 quecunque

115 3559 341 3657 reperisset,
372 3557 510 3631 addidit
540 3556 623 3632 fisci
654 3557 806 3631 iuribus
830 3559 954 3650 'Idem
986 3559 1126 3632 factum
1159 3570 1219 3632 est

115 3659 836 3760 OtheiricoHatverstadensiepiscopo.
860 3659 1095 3732 Redeuntem
1106 3659 1219 3756 igitur

114 3763 252 3834 ducem
271 3759 514 3832 Bruneswieh
540 3771 766 3857 prosecutus
787 3769 847 3832 est
864 3770 994 3832 noster
1014 3758 1216 3857 episcopus

117 3872 156 3934 et
175 3861 253 3958 egit
271 3884 356 3932 eum
377 3883 423 3932 eo
441 3861 583 3932 festum
601 3860 736 3933 natalis
755 3859 914 3932 Domini.
1138 3951 1140 3954 .

193 3961 277 4047 Quo
305 3960 476 4058 expleto,
511 3960 620 4032 rediit
647 3960 850 4058 episeopus
879 3961 915 4031 in
937 3959 1129 4058 Wagiram
1157 3983 1216 4032 as·

115 4071 269 4159 sumpto
296 4085 480 4158 germano
509 4083 576 4133 suo
604 4064 737 4133 abbate
765 4064 809 4134 de
834 4061 1148 4158 Reooegeshuse‚
1180 4070 1218 4133 et

3 4216 5 4305 q
117 4215 142 4286 l)
161 4222 293 4279 mutuam,
316 4213 442 4278 vicissim,
468 4215 494 4270 v.
520 4233 579 4286 cup.
602 4213 638 4268 83
657 4215 703 4269 fin.
815 4213 842 4284 2)
866 4211 895 4268 V.
916 4185 1037 4269 scholi3
1063 4218 1096 4269 sd
1120 4214 1216 4274 Adam.

114 4285 203 4342 Rrem.
222 4288 242 4343 Ι.
263 4286 283 4342 Ι.
302 4303 362 4359 cap.
380 4287 408 4342 9.
710 4301 714 4309 ·
940 4360 983 4436 11
