3000 4900
184 459 428 551 Hunnotbl
444 458 686 539 cflttortlcn
704 457 974 534 SLAVORUM.
999 457 1085 532 LlB.
1104 459 1129 535 1.
1181 457 1231 534 85

131 660 169 734 in
190 671 397 760 conspectu
416 660 531 759 regis,
550 658 691 734 exarsit
710 658 746 732 in
766 658 956 736 iracundia
980 684 1133 758 magna,
1156 659 1231 733 ius·

132 761 256 859 sitque
271 785 406 836 omues
421 761 590 860 captivos
609 760 815 835 decollari
806 785 843 834 m
863 759 958 834 facie
978 761 1104 834 domni
1120 783 1231 858 pape,

133 873 174 935 ut
202 862 261 935 vel
289 886 358 960 per
385 863 457 936 boc
484 864 694 936 deterreret
711 884 810 936 eum
854 861 919 935 llle
939 884 1029 934 vero
1048 861 1233 934 instanter

130 963 351 1037 hortabatur
370 987 451 1050 eos,
471 985 565 1035 mort
556 962 729 1035 fortiter
745 986 815 1058 pro
834 960 987 1058 iustitia,
1005 961 1230 1059 promittens

133 1063 190 1146 cis
209 1074 340 1137 eterne
354 1063 430 1136 vite
444 1062 781 1137 inmarcessibilem
799 1085 987 1136 coronam.
1016 1065 1062 1136 At
1074 1061 1125 1133 illi
1141 1085 1232 1134 una·

130 1163 282 1237 nimiter
310 1163 492 1263 provoluti
520 1163 678 1277 pedibus
710 1162 793 1236 eius
825 1167 981 1236 orabant
1013 1161 1230 1236 dilationem

132 1263 219 1339 vite.
263 1264 368 1337 Tunc
394 1264 637 1338 beatissimus
652 1263 833 1377 pontifex
865 1263 1034 1337 suffusus
1065 1262 1230 1336 lacrimis

132 1375 366 1441 contestatus
385 1377 445 1439 est
463 1365 630 1438 cordium
650 1363 918 1476 inspectorem,
939 1387 982 1436 se
1002 1363 1115 1436 malle
1135 1361 1231 1434 mori

131 1490 245 1563 quam
273 1468 424 1561 cedere,
448 1465 480 1540 si
500 1490 573 1538 nou
593 1463 810 1578 prepediret
828 1464 1001 1538 omnibus
1022 1461 1161 1538 Cristi
1151 1485 1231 1536 rure

129 1567 383 1664 impendenda
402 1566 627 1664 compassio
652 1563 783 1638 Fecit
773 1565 887 1662 igitur
906 1567 1003 1662 quod
1018 1563 1231 1638 necessitas

130 1666 343 1779 imperabat
359 1675 398 1739 et
417 1666 602 1764 promisit,
624 1689 666 1740 se
689 1689 823 1762 regem
847 1675 1171 1778 consecraturum,
1193 1673 1233 1735 ut

132 1767 330 1865 captivitas
345 1767 588 1840 relaxarffetur
606 1765 840 1864 Reversique
860 1766 897 1837 in
912 1767 1052 1840 Urbem
1069 1767 1232 1838 domnus

130 1892 228 1966 papa
254 1877 293 1941 et
311 1867 521 1941 cardinales
540 1867 712 1940 fecerunt
733 1866 815 1963 regi
835 1869 1044 1940 secundum
1063 1866 1233 1938 volunta-

130 1979 207 2041 tem
237 1967 332 2064 eius,
358 1977 502 2041 extorto
523 1967 673 2066 quidem
696 1967 891 2064 obsequio,
919 1968 1177 2062 dederuntque
1197 1965 1232 2037 ei

128 2068 366 2168 privilegium
385 2092 501 2166 super
519 2067 692 2204 omnibus
712 2092 785 2165 que
810 2067 1091 2140 desideraverat
1105 2065 1231 2140 anima

132 2170 226 2243 eius

206 2272 265 2342 40.
293 2269 348 2340 De
362 2267 454 2342 bello
468 2267 690 2361 Welpeslrolt.
730 2269 936 2366 Postquam
952 2265 1066 2364 igitur
1080 2276 1232 2364 arrepta

128 2368 413 2442 benedictione1
440 2371 647 2469 imperator
673 2369 900 2442 Teutonicas
933 2367 1064 2440 revisit
1095 2377 1231 2481 terraS,

131 2470 287 2543 collecta
317 2482 375 2543 est
404 2470 440 2543 in
468 2476 560 2545 urbe
586 2472 708 2545 Roma
734 2470 889 2543 sinodus
920 2479 1072 2541 centum
1100 2466 1231 2565 viginti

128 2581 292 2668 patrum,
302 2570 363 2644 nbr
375 2573 537 2644 domnus
554 2596 650 2670 papa
664 2570 787 2642 acrius
804 2569 999 2641 incusatus
1016 2578 1075 2641 est
1089 2592 1156 2666 pro
1173 2592 1231 2664 eo,

130 2674 235 2784 quod,
265 2694 398 2767 regem
434 2672 683 2768 sacrilegum,
716 2680 825 2783 capto
859 2694 1008 2743 summo
1042 2668 1230 2783 pontifice,

127 2771 258 2844 tractis
285 2771 547 2867 cardinalibuS,
573 2773 657 2843 fuso
683 2770 870 2867 sanguine
899 2769 989 2844 cleri
1017 2780 1054 2842 et
1079 2769 1230 2864 civium,

127 2874 173 2945 ad
201 2870 398 2969 imperiale
426 2872 574 2945 culmen
601 2870 836 2969 provexerit,
867 2871 1024 2983 insuper
1051 2870 1231 2943 constitu-

126 2972 250 3045 tiones
283 2972 572 3069 episcoporum,
604 2996 698 3065 quas
726 2981 854 3070 patres
883 2971 941 3045 sui
971 2969 1229 3045 ecclesiastico

125 3073 195 3145 iuri
224 3096 344 3169 usque
376 3075 420 3146 ad
450 3083 594 3147 mortes
615 3083 653 3145 et
674 3072 785 3145 exilia
818 3069 1119 3166 defensaverint,
1142 3069 1230 3142 huic

127 3172 297 3245 omnium
312 3172 575 3269 indignissimo
592 3173 704 3245 etiam
712 3172 917 3286 privilegio
933 3124 1138 3245 stabilierit
1163 3170 1229 3244 llle

125 3276 353 3372 pretendere
368 3277 482 3387 cepit
503 3274 743 3349 necessitatis
764 3272 962 3346 articulum
990 3271 1230 3368 maximaque

125 3374 294 3472 pericula
321 3374 461 3447 minori
494 3374 688 3473 dispendio
715 3374 939 3469 intercepta,
971 3382 1119 3485 strages
1152 3372 1230 3469 ple·
1299 3463 1301 3467 .

126 3474 243 3565 bium,
269 3474 442 3549 incendia
462 3476 571 3549 Urbis
595 3499 670 3547 non
693 3497 810 3571 posse
833 3473 942 3547 aliter
968 3471 1159 3569 restringi,
1186 3494 1228 3545 sc

126 3576 278 3674 quidem
302 3599 505 3672 peccasse,
531 3578 598 3649 sed
620 3575 832 3689 inpulsum:
866 3576 1157 3666 emendaturum
1186 3596 1229 3645 se

124 3676 226 3747 hanc
239 3700 375 3749 noxam
391 3678 600 3750 secundum
618 3678 717 3774 quod
732 3676 938 3772 imperaret
953 3684 1127 3747 sanctum
1143 3695 1229 3745 ocn-

126 3775 264 3849 cilium.
292 3780 455 3875 Accepta
475 3776 589 3874 igitur
607 3776 878 3869 satisfactione,
898 3773 1152 3846 incusantium
1171 3796 1228 3845 re-

124 3875 255 3973 friguit
268 3876 393 3949 fervor
396 3876 650 3974 ,definitaque
666 3876 835 3971 consiliu,
846 3884 1034 3949 extortum
1049 3872 1139 3946 illud
1155 3873 1228 3971 pri·

124 3976 307 4073 vilegium
335 4002 409 4049 non
432 3977 719 4075 privilegium,
709 4000 825 4049 rmmo
847 3973 1098 4074 pravilegium
1126 3973 1228 4045 voci·

126 4112 152 4181 1)
173 4112 321 4183 lmperator
345 4122 490 4167 coronatus
516 4122 557 4167 eat
586 4112 667 4167 1111.
692 4110 780 4183 April.
801 4111 844 4165 13.
893 4107 983 4165 Verba
1009 4115 1117 4181 arrepta
1143 4112 1228 4165 benc-

124 4188 240 4242 dictione
258 4186 328 4240 benc
347 4187 510 4240 conveniunt
528 4186 571 4249 iis,
597 4204 667 4258 quae
685 4184 864 4239 Elkebardus
891 4182 1110 4243 ada.1lll.l
1130 4182 1166 4235 38
1185 4200 1225 4253 sq.

124 4259 228 4313 attulit·
253 4264 281 4313 ιἰι
301 4262 448 4328 exemplum
465 4260 634 4327 patrea-uae
652 4260 731 4315 Iacob
755 4261 864 4314 dicentis
884 4258 921 4313 cd
938 4260 1072 4325 angelum:
1106 4256 1164 4311 Non
1182 4258 1227 4311 di·
1315 4271 1324 4284 ·

123 4338 225 4389 millam
243 4337 277 4403 le,
293 4334 347 4386 nisa·
364 4333 532 4388 benedicerit
551 4334 638 4387 miclt.
