3000 4900
280 472 351 542 nr
403 426 906 540 uurnormcunomcn
925 460 1193 537 servorun.
1219 458 1307 533 nro.
1327 460 1351 533 1.

276 690 410 760 annos,
429 665 635 763 discipulus
654 664 691 738 in
711 665 863 761 Brema,
881 662 1007 737 socius
1027 661 1065 734 in
1078 662 1247 757 Francia,
1267 660 1378 735 susti·

275 766 357 840 nuit
380 767 511 863 iugum
537 765 709 863 magistri
732 789 819 837 cum
844 764 1038 862 patientia,
1067 763 1168 835 iuxta
1187 762 1274 835 illud
1295 763 1377 835 lhe-

274 866 414 940 remie:
440 866 586 939 Bonum
603 871 659 939 est
672 868 765 961 uiro,
783 865 1086 959 comportaverit
1100 866 1226 959 iugum
1243 862 1291 935 ub
1309 860 1377 935 ud·

274 966 472 1041 olescentia
488 965 594 1039 rua1.
632 967 721 1039 Post
736 965 898 1039 reditum
926 969 1090 1039 abeunte
1108 966 1247 1036 domno
1268 962 1378 1036 Vice-

273 1068 349 1141 lino
373 1069 411 1140 in
431 1066 632 1166 Sclaviam,
660 1066 775 1140 veluti
799 1067 946 1140 sublato
972 1068 1194 1164 pedagogo,
1222 1063 1375 1137 relictus

274 1179 333 1241 est
351 1167 511 1241 sibimet.
548 1167 679 1255 Qualis
697 1167 812 1265 igitur
829 1170 927 1264 apud
945 1164 1122 1239 bremam
1142 1165 1180 1237 in
1199 1163 1376 1261 regendis

275 1269 402 1364 scolis,
429 1267 549 1366 qualis
568 1268 605 1339 in
629 1268 787 1341 decania
811 1266 936 1363 luerit,
955 1266 1115 1339 dixerint
1132 1266 1374 1339 Bremens‘es.

272 1370 353 1442 Hoc
380 1391 704 1442 commemorasse
730 1378 790 1441 sat
816 1378 896 1463 est,
930 1367 1015 1464 quia
1049 1377 1136 1465 post
1161 1367 1374 1463 digressum

272 1470 368 1566 eius,
394 1470 524 1542 lumen
543 1468 705 1543 ecclesie
723 1468 822 1542 illius
842 1467 1045 1564 sublatum,
1072 1467 1209 1555 brema
1237 1468 1376 1541 clama·
1403 1480 1407 1487 '

270 1574 344 1643 bat.
389 1570 609 1643 Translatus
645 1569 759 1667 igitur
784 1569 820 1640 in
849 1568 1043 1641 Falderam
1072 1572 1119 1642 ob
1145 1568 1382 1641 desiderium-

271 1669 439 1746 melioris
459 1670 546 1765 vite,
565 1694 746 1766 magnum
763 1668 940 1765 gaudium
957 1668 1079 1741 attulit
1093 1693 1161 1743 sue
1179 1668 1372 1768 presentie

270 1774 409 1843 domno
428 1770 606 1844 Vieelino.
641 1770 715 1844 Sed
742 1780 781 1843 et
800 1770 987 1865 omnibus,
1015 1772 1109 1867 quos
1129 1770 1291 1867 angulus
1310 1769 1374 1843 ille

270 1871 438 1944 horroris
466 1881 504 1942 et
530 1880 638 1944 vaste
662 1869 873 1944 solitudinis
902 1869 1129 1967 continebat,
1157 1894 1258 1942 nova
1283 1892 1374 1967 que-

271 1974 357 2043 dam
382 1971 500 2045 facies
527 1981 607 2045 orta
628 1981 688 2045 est
705 1975 753 2045 de
772 1974 935 2044 adventu
954 1970 1047 2043 tanti
1067 1970 1239 2070 hospitis.
1284 1971 1375 2045 Post

270 2072 411 2169 aliquot
435 2066 760 2145 annos'dilatante
788 2073 867 2145 Deo
891 2069 988 2145 fines
1018 2072 1201 2169 ecclesie,
1228 2070 1372 2145 missus

270 2182 330 2245 est
354 2172 587 2268 Cuzelinam,
615 2197 689 2271 que
708 2182 747 2245 et
764 2173 1036 2270 Hagerestorp,
1064 2182 1102 2245 et
1120 2171 1252 2246 incolis
1272 2196 1373 2245 nove

268 2271 511 2347 habitationis
531 2297 669 2369 magno
690 2273 823 2346 solatio
844 2272 921 2345 fuit.
958 2273 1125 2372 Captivis
1141 2272 1241 2347 enim
1258 2284 1296 2347 et
1309 2276 1374 2347 de·

268 2372 439 2472 spoliatis
458 2384 562 2446 tanta
588 2373 728 2472 pietate
755 2377 1012 2473 concurrebat,
1040 2383 1078 2445 ut
1097 2374 1207 2447 dandi
1225 2374 1374 2472 magni-

268 2478 357 2548 tudo
376 2476 477 2549 vires
497 2479 631 2550 domus
650 2474 749 2548 illius
775 2475 897 2548 adhuc
915 2485 1048 2549 tenere
1068 2479 1253 2549 excedere
1271 2477 1374 2550 vide-

268 2587 384 2649 retur.
433 2576 535 2649 lnter
566 2578 749 2649 orandum
788 2576 887 2648 enim
916 2575 996 2649 sive
1023 2577 1228 2674 legendum
1257 2599 1372 2652 aures

269 2678 350 2749 eius
370 2700 525 2774 semper
542 2677 748 2774 vigilabant
767 2679 811 2749 ad
831 2677 969 2750 ostium
991 2701 1192 2775 suspense,
1220 2680 1371 2774 quando

268 2776 415 2850 veniret
429 2801 574 2875 egenus
589 2778 747 2875 pulsans
764 2775 979 2875 etpetens2.
1008 2777 1371 2852 Reverebatureum

268 2901 397 2952 comes
411 2878 580 2975 Adollus,
599 2902 645 2950 eo
662 2882 761 2976 quod
777 2881 1025 2977 redargueret
1039 2878 1170 2977 culpas
1185 2878 1280 2976 eius,
1297 2903 1374 2954 nec

267 2989 441 3076 parceret
476 2979 717 3077 delinquenti.
760 2979 951 3053 Duriciam
985 2981 1085 3054 enim
1120 2982 1242 3058 cordis
1274 2984 1374 3085 eiua,

267 3102 380 3177 quam
401 3079 567 3152 exhibuit
581 3081 774 3178 episcopo,
789 3081 1015 3156 venerabilis
1035 3082 1097 3155 ille
1112 3087 1290 3158 sacerdos
1306 3091 1373 3160 ad·
1497 3069 1498 3094 ¹

267 3177 392 3252 bibitis
419 3180 635 3276 emplastris
656 3180 825 3253 emollire
846 3183 997 3281 sategit,
1025 3187 1091 3257 sed
1111 3208 1225 3258 omne
1251 3189 1374 3264 medi-

268 3289 483 3352 camentum
518 3279 628 3354 altior
654 3285 808 3355 morbus
837 3282 958 3356 evicit.
1002 3284 1137 3358 Audito
1164 3295 1293 3360 tamen
1323 3314 1372 3364 eo

267 3380 385 3452 multa
404 3379 578 3478 faciebat,
589 3381 716 3455 sciens
736 3406 824 3455 eum
838 3382 959 3456 virum
976 3384 1115 3460 iustum
1132 3397 1169 3459 et
1183 3399 1371 3464 sanctum.

261 3478 432 3577 -llxpletis
470 3481 584 3578 igitur
610 3494 812 3581 postquam
832 3483 868 3556 in
888 3485 962 3557 hac
979 3495 1078 3559 terra
1099 3487 1239 3561 mansit
1257 3494 1372 3567 annis

263 3582 420 3678 decem,
450 3581 667 3656 infirmitate
699 3595 896 3682 correptus
929 3596 1007 3681 est,
1039 3590 1197 3661 absente
1225 3591 1375 3668 scilicet

266 3680 447 3780 episcopo
478 3693 516 3755 et
547 3687 645 3781 apud
666 3685 899 3782 Marcipolim
922 3687 1044 3785 posito
1055 3685 1081 3761 ³.
1121 3690 1215 3764 Cum
1238 3702 1371 3768 autem

265 3782 401 3856 fratres
420 3783 518 3856 lecto
538 3784 746 3882 egrotantis
769 3786 948 3884 appliciti,
973 3813 1081 3887 spem
1107 3799 1372 3889 recuperande
1494 3805 1495 3832 ²

266 3884 397 3956 salutis
417 3883 684 3981 instaurarent,
701 3886 763 3958 ille
780 3910 865 3960 cum
881 3913 1018 3986 magna
1035 3892 1275 3967 recusatione
1291 3895 1373 3970 aie·
1424 3905 1430 3915 ‘

265 3986 345 4057 bat:
388 3983 519 4080 Nolite,
542 3988 680 4072 fratrer
705 3986 838 4084 dilecti,
858 3993 1036 4083 presentis
1060 3995 1128 4064 uite
1153 3991 1371 4070 dilutionem

264 4083 352 4156 milri
369 4089 616 4177 repromittere
624 4116 640 4181 ,-
657 4087 768 4161 nolite
780 4091 950 4182 spiritum
964 4114 1083 4164 meum
1097 4091 1141 4164 de
1153 4100 1371 4192 peregrina·
1493 4129 1494 4172 r

264 4185 375 4257 tionis
392 4189 524 4283 fatigio
544 4187 776 4284 ucl'putriunr
794 4189 995 4265 tendentem
1014 4191 1266 4268 huiuscemodi
1287 4222 1370 4271 uer-

265 4300 290 4371 1)
311 4300 440 4358 leromiae
459 4303 560 4360 Thren.
580 4305 607 4370 3,
625 4306 672 4362 27.
750 4308 779 4374 2)
800 4308 833 4365 V.
853 4327 912 4381 cap.
933 4311 978 4367 66.
1053 4311 1080 4384 3)
1102 4311 1181 4368 1152.
1201 4323 1371 4386 pentecoste.
