3000 4900
302 446 373 517 180
424 438 670 514 HELMOLDI
686 436 930 516 CHRONICA
948 436 1217 512 SLAVORUM.
1242 437 1329 513 LlB.
1347 438 1375 513 Ι.

300 645 395 718 Cum
421 641 537 739 igitur
562 663 672 715 cesar
703 648 941 737 expugnaret
963 638 1259 734 Mediolanum¹‚
1294 639 1399 712 veuit

299 747 346 817 ad
364 766 451 816 eum
471 742 596 814 Victor
613 741 650 812 in
669 750 809 837 castra,
828 764 901 837 que
921 750 1030 813 erant
1046 742 1144 838 apud
1165 741 1333 838 rapiam,
1357 751 1406 813 et

301 843 446 942 recepit
465 866 564 918 eurn.
606 844 855 938 Adunatoque
875 840 1046 935 concilio,
1064 852 1292 939 receperunt
1310 866 1397 915 eum

299 944 504 1019 Reiuoldus
549 941 785 1017 Coloniensis
829 951 867 1014 et
911 943 1105 1017 Corradus
1153 942 1396 1039 ,Maguntinus

299 1046 424 1141 electi,
452 1055 489 1117 et
507 1067 641 1117 omnes
662 1067 756 1140 quos
774 1041 983 1140 imperialis
1002 1054 1065 1116 aut
1083 1042 1197 1126 timor
1213 1053 1278 1115 aut
1293 1043 1399 1119 favor

300 1150 448 1245 agebat.
490 1146 603 1218 Porro
621 1145 875 1217 Alexandrum
903 1143 1053 1241 recepit·
1072 1144 1396 1229 lherosolimitana

303 1247 465 1323 ecclesia
491 1256 529 1319 et
545 1245 768 1339 Antiocena,
793 1253 968 1341 preterea
987 1243 1111 1317 omnis
1129 1244 1297 1342 Francia,
1325 1247 1398 1318 An·

300 1348 390 1444 glia‚
408 1346 604 1444 Hispania,
628 1345 747 1419 Dania
776 1356 813 1417 et
840 1344 965 1417 omnia
985 1368 1195 1443 regnaque
1216 1355 1304 1418 sunt
1322 1345 1399 1418 ubi-

301 1473 374 1546 que
393 1457 595 1519 tarrarum..
618 1448 780 1545 Insuper
793 1445 1056 1521 Cistercieusis
1076 1450 1166 1519 ordo
1183 1446 1306 1519 eidem
1320 1445 1400 1519 uni-

302 1573 439 1621 versus
458 1555 688 1642 accesserat
707 1547 743 1617 in
770 1571 843 1643 quo
865 1556 953 1619 sunt
974 1546 1248 1646 archiepiscopi
1269 1559 1306 1618 et
1324 1547 1401 1646 epi·

301 1649 407 1748 scopi
426 1671 538 1747 quarn
565 1647 693 1746 plures
714 1644 753 1720 et'
771 1650 925 1720 abbates
945 1647 1108 1745 arnplius
1128 1672 1240 1745 quam
1260 1650 1400 1745 septin-

301 1749 406 1847 genti
438 1758 476 1821 et
500 1748 774 1821 monachorum
808 1747 1069 1821 inestimabilis
1096 1773 1289 1821 numeras.
1341 1748 1399 1821 llii

301 1848 589 1948 singulisannis
617 1847 810 1922 celebrant
827 1849 1027 1923 concilium
1047 1852 1144 1948 apud
1164 1849 1400 1946 Cistercium⁷

302 1962 340 2024 et
366 1953 574 2024 decernunt
599 1973 644 2023 ea
664 1973 736 2047 que
756 1949 859 2021 utilia
879 1960 977 2023 sunt.
1014 1951 1157 2023 Horum
1176 1949 1399 2024 invincibilis

302 2050 489 2125 sententia
537 2050 598 2122 vel
640 2050 826 2123 maximas
862 2050 963 2123 vires
1000 2050 1137 2123 addidit
1174 2051 1399 2124 Alexandro.

304 2150 1399 2249 Quamobremiratuscesarproposuitediotum,utomnes

302 2250 479 2325 monachi
505 2250 769 2325 Cistarciensis
797 2252 958 2344 ordinis,
990 2253 1051 2349 qui
1078 2252 1337 2325 consistebant
1361 2252 1399 2325 in

298 2376 418 2453 regno
437 2376 521 2448 suo,
545 2362 610 2424 aut
629 2351 764 2424 Victori
783 2354 1075 2449 subscriberent,
1101 2363 1166 2425 aut
1182 2378 1301 2451 regno
1318 2353 1396 2453 pel·
1486 2426 1487 2430 ,

297 2457 476 2528 lerentur.
524 2454 653 2550 ltaque
689 2452 839 2526 difficile
871 2455 990 2526 relatu
1017 2465 1095 2551 est,
1130 2465 1220 2552 quot
1254 2466 1397 2552 patres‚
1485 2501 1486 2524 2

300 2556 428 2655 quanti
459 2555 733 2627 monachorum
759 2578 920 2652 greges⁷
954 2555 1094 2628 relictis
1126 2555 1277 2630 sedibus
1307 2556 1399 2651 suis,

301 2655 543 2752 transfugere
558 2654 593 2726 in
610 2654 816 2727 Franciarn.
850 2655 1049 2728 Pontifices
1065 2656 1178 2730 etiam
1191 2681 1303 2754 quam
1317 2656 1399 2754 plu·
1483 2719 1484 2726 ,

298 2783 363 2832 res
378 2755 577 2830 sanctitate
596 2754 766 2853 insignes
784 2756 821 2828 in
834 2757 1095 2855 longobardia
1111 2768 1149 2832 et
1165 2757 1202 2830 in
1220 2758 1398 2831 universo
1482 2818 1483 2833 .

299 2881 420 2956 regno
447 2856 626 2954 principis
656 2857 833 2930 violantia
862 2858 1013 2931 sedibus
1041 2859 1397 2956 suspectanti
1481 2911 1482 2933 .

301 2956 532 3058 superpositi
552 2956 693 3031 suntin
712 2957 839 3031 locum
858 2957 1017 3032 illorum.
1480 3011 1481 3034 .

210 3073 291 3128 1¹62.
376 3061 581 3156 Postquam
608 3057 721 3155 igitur
751 3059 982 3134 transierunt
1008 3059 1210 3136 obsidionis
1234 3059 1397 3158 quinque
1478 3059 1480 3150 l

209 3146 362 3270 Mig‘uel
389 3183 435 3232 ao
453 3157 739 3258 amplius-anni,
759 3182 869 3232 cesar
890 3159 1048 3234 obtinuit
1070 3161 1338 3254 Mediolanum⁵
1362 3171 1400 3233 et
1478 3159 1479 3236 l

266 3261 272 3273 '
303 3259 413 3335 eiecit
428 3257 659 3333 habitatores
673 3259 755 3332 eius
775 3283 819 3334 ex
836 3260 910 3352 illaq
927 3270 964 3340 et
980 3262 1164 3335 destruxit
1177 3271 1398 3347 ornnestur-
1475 3239 1478 3340 1

299 3361 459 3435 roseius
480 3360 667 3456 excelsas,
687 3369 725 3432 et
739 3385 867 3434 murus
883 3362 1044 3436 civitatis
1059 3362 1260 3461 adequavit
1278 3359 1397 3457 solo²⁷

301 3473 338 3534 et
364 3461 490 3561 posuit
512 3484 597 3533 earn
619 3460 655 3533 in
679 3460 951 3538 solitudinemt
991 3463 1096 3536 'l'unc
1125 3464 1313 3536 elevatum
1339 3472 1397 3536 est

197 3663 205 3674 ι
300 3587 365 3635 cor
392 3563 473 3636 eius
496 3560 622 3658 nimis,
651 3572 688 3635 et
705 3562 913 3636 timuerunt
930 3564 1056 3638 omnia
1075 3588 1193 3662 regna
1212 3575 1398 3638 terrarum

300 3699 326 3771 1)
344 3699 455 3754 Rectius
468 3697 629 3752 llalmoldus
648 3696 768 3773 dixisset:
788 3709 910 3770 tempera
929 3717 982 3774 quo
1001 3716 1095 3755 caesar
1110 3709 1309 3771 expugnaverat
1324 3696 1397 3754 Cre-

296 3790 382 3837 mna,
406 3791 456 3829 seu
513 3780 717 3842 poppagnarat
734 3771 929 3828 Mediolanum.
974 3769 1040 3828 Nam
1062 3784 1122 3846 post
1141 3773 1306 3828 deditionem
1326 3768 1397 3826 Cre-

298 3865 358 3901 mae
380 3846 460 3902 1160.
500 3862 544 3902 aa.
562 3845 608 3905 26.
633 3846 660 3896 in
688 3854 821 3900 conventu
848 3847 967 3916 generali
993 3849 1178 3918 episcoporum
1199 3855 1225 3900 et
1242 3846 1396 3917 principum

297 3917 377 3974 Febr.
394 3920 421 3973 2.
447 3918 595 3989 imperator
619 3915 719 3987 Papiae
743 3919 846 3989 recepit
865 3921 981 3990 primum
1003 3919 1136 3975 Victorem
1160 3937 1267 3991 papam.
1312 3918 1395 3972 Aliud

296 4010 360 4046 vero
388 4001 428 4047 ert
449 3989 594 4047 concilium
614 3987 715 4060 Papiae
739 4007 810 4045 auno
832 3990 912 4047 1162.
934 4011 969 4047 ru.
988 3991 1076 4063 Aprili
1103 3995 1268 4048 celebratum
1288 3991 1396 4046 civitate

295 4063 454 4120 Mediolano
473 4063 570 4118 tradita
588 4070 616 4117 et
635 4064 770 4117 destructa
790 4082 890 4134 paucos
909 4075 972 4120 aute
991 4066 1060 4122 dies.
1097 4064 1129 4120 ln
1149 4067 1201 4121 boc
1219 4065 1299 4120 alluit
1318 4062 1397 4119 Con·
1461 4127 1462 4130 Ἴ

293 4140 377 4192 radus
395 4137 570 4208 Moguntiuus
599 4136 651 4189 boc
676 4136 735 4206 ipso
761 4155 831 4194 auno
854 4139 926 4192 1162
945 4140 1055 4194 electus.
1166 4139 1193 4213 2)
1213 4137 1318 4194 Similia
1337 4137 1395 4192 lere
1461 4139 1462 4148 ’

296 4213 378 4266 verba
399 4211 502 4266 liabent
518 4209 591 4264 Aua.
610 4207 709 4277 Pagar.
728 4225 753 4262 a.
776 4209 861 4265 tloa:
899 4213 1077 4268 Mediolanum
1102 4218 1193 4269 terma
1204 4211 1325 4282 srmdttua
1345 4225 1397 4266 ne·

295 4289 399 4356 quatur.
485 4283 512 4353 3)
534 4281 615 4335 1162.
634 4281 714 4336 Mart.
733 4281 779 4336 26.
1236 4337 1254 4344 ,Ι
1300 4295 1309 4308 x
