3000 4900
267 423 337 496 112
378 418 627 493 HELMOLDI
643 419 887 495 CHRONICA
901 417 1169 494 SLAVORUM.
1196 419 1284 494 LlB.
1300 421 1326 494 l.

264 619 364 719 quod
390 621 540 694 novella
570 621 752 719 plantatio
780 621 817 693 in
853 621 944 721 ipsis
979 620 1093 696 initiis
1122 621 1361 718 emarcuerit,

265 721 603 818 continueruntque
623 746 665 796 se
683 723 719 794 in
737 722 765 793 F
769 722 955 798 alderensi
979 722 1156 819 ecclesia,
1184 721 1362 795 orationi·

216 902 220 913 Ι
265 826 334 895 bus
353 833 391 896 et
408 823 557 896 ieiuniis
576 823 726 896 assidue
746 823 890 896 intenti.
944 822 1093 908 Quanta
1119 848 1208 898 vero
1238 834 1362 896 auste·
1477 831 1479 836 '

265 923 387 1017 ritate,
407 934 545 1020 quanta
561 923 729 996 ciborum
744 923 996 1020 temperantia
1015 922 1192 1019 omnique
1208 939 1364 997 conver-'

264 1023 421 1096 sationis
439 1025 670 1121 perfectione
688 1024 915 1098 Falderense
941 1023 1032 1095 illud
1058 1023 1262 1122 collegium
1289 1023 1362 1121 pri·

264 1125 378 1196 mitus
405 1123 601 1219 claruerit,
629 1149 704 1196 non
732 1125 823 1196 satis
852 1123 1030 1222 explicari
1062 1135 1197 1222 potest.
1250 1123 1363 1198 Dedit

265 1251 357 1323 ergo
390 1227 444 1298 eis
471 1224 654 1297 Dominus
687 1225 1094 1323 gratiam'sanitatum,
1126 1225 1229 1298 iuxta
1261 1226 1361 1321 quod

265 1327 346 1425 ipse
373 1325 562 1425 pollicitus
589 1337 665 1421 est,
698 1325 867 1397 infirmos
887 1350 1038 1414 curare,
1063 1325 1243 1399 demones
1268 1326 1362 1410 efluf

266 1452 368 1526 gare.
422 1426 517 1512 Quid
537 1427 636 1498 enim
656 1425 780 1498 dicam
805 1427 849 1500 de
875 1425 1127 1523 arreptitiis¹l
1179 1425 1362 1499 Obsesso-

164 1568 166 1571 v
265 1554 363 1622 rum,
383 1527 444 1623 qui
463 1527 538 1599 late
558 1526 703 1600 advecti
721 1537 820 1623 sunt,
847 1526 959 1625 plena
978 1537 1059 1600 erat
1076 1528 1222 1624 domuS,
1249 1527 1301 1600 ita
1321 1536 1363 1598 ut

265 1629 401 1700 fratres
422 1627 615 1725 quiescere
634 1651 709 1698 non
724 1637 892 1724 possent,
914 1628 1122 1700 clamantes
1142 1639 1361 1700 sanctorum

265 1729 432 1802 virorum
445 1729 636 1825 presentia
649 1727 758 1825 ignes
777 1751 867 1800 suos
883 1727 1046 1801 accendi.
1080 1727 1154 1802 Sed
1170 1728 1252 1824 quis
1271 1727 1362 1812 illuc

141 1836 143 1841 '
265 1828 379 1925 venit,
407 1840 444 1903 et
470 1829 539 1901 Dei
563 1828 686 1926 gratia
713 1828 893 1902 liberatus
922 1853 996 1900 non
1020 1829 1103 1900 esti
1155 1829 1195 1900 ln
1230 1829 1361 1902 diebus

265 1930 340 2002 illis
359 1929 516 2027 contigit
533 1929 719 2027 virginem
737 1931 946 2026 quandam,
974 1929 1109 2004 Ymme
1132 1929 1282 2024 dictam,
1300 1954 1361 2003 ve·

265 2031 346 2104 xari
365 2055 387 2102 a
406 2030 566 2104 demone
584 2041 621 2104 et
640 2030 686 2102 ad
704 2029 913 2104 Vicelinum
934 2031 1170 2104 sacerdotem
1194 2029 1359 2127 perduci.

266 2133 390 2220 Quem
409 2155 495 2203 cum
513 2129 870 2229 interrogationibus
890 2141 1055 2229 urgeret,
1075 2156 1141 2203 cur
1158 2155 1225 2204 vas
1240 2131 1361 2203 incor-

266 2243 419 2329 ruptum
433 2232 515 2329 ipse
530 2241 662 2304 auctor
675 2231 890 2329 corruptele
908 2241 1096 2306 temerare
1110 2231 1361 2331 presumpsis-

266 2344 337 2430 set,
356 2331 419 2405 ille
438 2334 577 2406 diserta
594 2356 687 2405 voce
713 2332 925 2430 respondit:
963 2333 1069 2428 Quia,
1093 2332 1224 2429 inquit,
1252 2334 1359 2405 tertio

266 2459 322 2507 me
340 2433 509 2523 offendit.
548 2433 591 2506 ln
609 2456 692 2530 quo,
721 2431 784 2529 ait,
810 2439 843 2506 te
868 2431 1047 2520 offendit?
1092 2434 1197 2529 Quia,
1229 2430 1360 2530 inquit,

265 2539 450 2630 nepotium
468 2558 585 2607 meum
597 2532 810 2627 propedivit.
852 2534 917 2606 Bis
935 2537 1028 2608 euim
1047 2537 1234 2607 transmisi
1258 2538 1360 2622 sures

267 2636 319 2708 ad
327 2634 612 2729 perfodiendum
630 2634 790 2729 domum,
814 2634 879 2707 sed
896 2634 959 2707 hec
977 2632 1143 2707 assidens
1161 2637 1267 2731 focis,
1286 2633 1360 2707 cla·

267 2737 431 2809 moribus
447 2740 524 2810 sais
548 2760 610 2807 eos
634 2735 842 2809 absterruit.
884 2734 990 2807 Nuus
1016 2758 1156 2832 quoque
1180 2735 1360 2831 lepatioue

261 2840 440 2931 principis
457 2840 574 2910 uostri
591 2839 629 2908 iu
645 2835 808 2907 Dareium
825 2838 1032 2929 functurus,
1054 2836 1150 2908 hauc
1171 2838 1208 2907 iu
1225 2840 1286 2909 oia
1304 2839 1360 2923 of-

267 2938 379 3035 fendi,
397 2939 612 3034 ulturusque
629 2936 728 3034 quod
755 2936 840 3007 mihi
867 2940 973 3008 tertio
1002 2936 1227 3024 offendiculo
1246 2939 1361 3024 fuerit

266 3040 390 3113 subter
407 3043 527 3133 ipsam
540 3036 730 3110 deuolutus
747 3060 839 3109 sum.
876 3036 950 3109 Sed
970 3037 1131 3111 cumvir
1145 3037 1213 3110 Dei
1233 3037 1360 3110 coniu-

232 3151 236 3174 '
265 3140 454 3212 rationum
469 3142 583 3229 verba
601 3140 781 3212 adversus
801 3162 887 3210 eum
907 3148 1159 3234 coacervaret,
1174 3138 1254 3211 ille:
1276 3138 1359 3233 Cur,

266 3240 396 3337 inquit,
422 3238 600 3333 propellis
620 3245 801 3330 paratum
831 3237 928 3309 ultro
959 3238 1101 3334 eqredi?
1155 3239 1236 3309 Iam
1267 3240 1360 3311 euim

266 3341 375 3412 abido
394 3340 446 3411 ad
457 3342 670 3433 proximam
686 3337 823 3434 uillam,
841 3340 1058 3411 visitaturus
1075 3338 1224 3412 sodales
1248 3363 1359 3434 meos,

267 3443 328 3539 qui
354 3442 429 3513 illic
453 3441 675 3513 delitescunt.
717 3440 799 3512 Hoc
818 3441 945 3512 eteuim
963 3443 999 3513 iu
1018 3438 1206 3511 mandatis
1224 3442 1359 3535 accepi,

260 3545 481 3637 priusquam
506 3544 544 3613 iu
570 3540 733 3611 Dauiam
757 3542 987 3632 proficiscar.
1055 3539 1160 3629 Quod
1191 3540 1267 3635 tibi,
1295 3539 1359 3631 ait,

265 3644 416 3717 nomeu?
444 3644 566 3738 etqui
591 3643 681 3713 socii
709 3640 784 3712 tui?
819 3647 888 3711 aut
910 3663 992 3712 eum
1015 3642 1144 3736 quibus
1166 3640 1359 3713 habitant?

265 3744 358 3840 Epo,
376 3743 507 3841 inquit,
520 3742 673 3830 Rufinus
690 3764 821 3833 ooeor5
835 3764 952 3831 porro
966 3740 1114 3814 sodales
1130 3744 1209 3837 mei,
1225 3740 1269 3813 de
1283 3743 1360 3837 qui-

266 3847 333 3918 dus
350 3848 515 3942 requiris,
543 3843 616 3913 duo
634 3841 692 3913 hie
716 3848 813 3936 suut,
842 3863 934 3913 uuus
962 3866 1043 3913 cum
1060 3842 1246 3937 llotltesto,
1265 3842 1361 3915 alter

266 3970 347 4017 cum
365 3945 513 4017 muliere
530 3941 695 4039 quadam
721 3941 880 4013 eiusdem
898 3942 1032 4035 oppidi.
1070 3943 1150 4015 Hos
1168 3946 1280 4037 iqitur
1296 3942 1360 4013 ho·-

265 4047 323 4118 die
340 4046 509 4141 visitabo,
536 4046 701 4116 crastiua
720 4046 939 4138 priusquam
956 4046 1100 4138 siquam
1117 4043 1262 4116 ecclesie
1280 4044 1361 4136 pri-

267 4202 291 4268 l)
310 4202 336 4254 lr.
350 4221 373 4255 e.
394 4221 409 4254 a
430 4204 561 4255 daemone
580 4198 723 4268 correptis,
742 4198 799 4251 sive
816 4210 844 4253 ut
856 4197 969 4253 Arnold.
989 4199 1007 4252 l.
1022 4199 1053 4253 V.
1068 4218 1091 4252 c.
1105 4197 1140 4250 23
1161 4197 1361 4267 ‹inergumcuim

264 4273 302 4331 lta
323 4284 351 4329 et
372 4275 485 4344 Vulgata
506 4273 601 4339 larem,
620 4291 644 4327 e.
657 4272 702 4327 29.
724 4290 749 4330 r.
762 4272 808 4325 26.
843 4270 1040 4341 Augustum
1060 4271 1130 4326 civit.
1143 4270 1194 4325 Dei
1215 4271 1232 4327 l.
1247 4269 1282 4325 lt.
1297 4269 1361 4326 cd.
