3000 4900
256 399 327 473 168
376 392 623 470 HELMOLDI
648 394 890 470 cuborum
909 392 1178 468 SLAVORUM.
1203 392 1291 467 LlB.
1308 392 1335 465 l.

254 620 329 698 que
346 596 439 670 olim
455 594 619 669 ecclesia
638 606 676 668 et
692 597 806 668 sedes
822 594 1048 669 cathedralis
1066 596 1190 669 fuerin
1209 597 1359 689 deserta
1487 624 1488 633 ¹

258 710 352 795 erat,
368 696 531 771 obtinuit
549 698 646 795 apud
665 696 858 789 comitem,
886 707 926 769 ut
942 695 1053 769 fieret
1070 696 1146 769 illic
1162 695 1358 771 Saxonum
1487 696 1488 755 l

258 798 418 895 colonia,
436 808 477 871 et
495 807 600 871 esset
615 796 792 869 solatium
813 796 998 871 sacerdoti
1018 800 1064 871 de
1078 796 1231 895 populo,
1255 795 1363 869 cuius
1487 852 1488 855 ,

259 910 394 975 nosset
418 898 588 995 linguam
617 909 655 971 et
690 897 1015 971 consuetudinem.
1061 900 1107 972 Et
1130 898 1274 971 sactum
1304 905 1363 969 est
1487 978 1488 985 ἵ

260 1004 334 1075 hoc
352 999 501 1073 novelle
520 998 683 1071 ecclesie
703 1022 778 1070 non
798 998 987 1071 mediocre
1006 998 1276 1072 adiumentum.
1307 997 1365 1071 Si·

263 1102 414 1200 quidem
434 1098 606 1172 edificata
626 1092 686 1171 est
704 1098 866 1171 ecclesia
884 1098 1207 1172 honestissimam
1227 1098 1365 1171 Alden-

262 1206 372 1299 burg,
394 1199 497 1292 libris
518 1209 556 1271 et
574 1198 716 1296 signis1
746 1209 783 1271 et
808 1198 945 1273 ceteris
966 1199 1188 1274 utensilibus
1209 1198 1364 1297 copiose

264 1306 453 1376 adornata.
497 1301 543 1372 Et
576 1310 810 1373 restauratus
840 1310 899 1373 est
924 1300 1045 1373 cultus
1071 1302 1205 1374 domus
1231 1299 1300 1373 Dei
1326 1300 1365 1371 in
1487 1380 1488 1387 p

264 1402 389 1476 medio
408 1400 570 1473 nationis
589 1423 705 1498 prave
724 1424 770 1472 ac
788 1423 984 1498 perverse⁷
1004 1424 1102 1473 anno
1122 1400 1230 1501 quasi
1249 1424 1367 1472 noua-

173 1523 255 1582 1156.
264 1502 414 1602 gesimo
432 1511 519 1599 post
537 1500 722 1573 excidium
742 1500 876 1598 prioris
897 1501 1073 1597 ecclesie,
1092 1505 1189 1599 quod
1210 1500 1367 1597 contigit
1487 1576 1488 1581 ,

266 1604 393 1677 occiso
429 1599 681 1696 Godescalco‚
716 1602 777 1698 pio
804 1602 984 1699 principe.
1028 1603 1074 1675 Et
1103 1602 1274 1675 dedicata
1307 1611 1370 1675 est
1487 1602 1488 1687 s

268 1703 431 1779 ecclesia
450 1726 471 1774 a
490 1700 667 1799 pontifice
682 1700 844 1775 Geroldo
861 1702 899 1773 in
918 1703 1062 1776 honore
1081 1702 1200 1775 sancti
1216 1702 1369 1776 loannis

268 1804 448 1902 baptiste‚
474 1812 622 1875 astante
651 1811 689 1874 et
715 1826 869 1874 ornnem
891 1803 1135 1890 devotionem
1165 1802 1367 1876 adhibente

267 1904 382 1978 nobili
408 1902 545 1977 comite
563 1903 696 1976 Adolfo
725 1913 763 1976 et
788 1905 923 1975 domna
942 1903 1144 1999 Mecntitdi,
1172 1904 1254 1977 eius
1280 1903 1370 2001 piis·
1487 1890 1488 1973 J

131 2038 136 2047 ·
269 2006 367 2079 sima
387 2004 557 2101 coniuge.
585 2004 631 2075 Et
644 2004 815 2102 precepit
828 2027 958 2077 comes
978 2005 1117 2102 populo
1130 2004 1369 2099 Selavorum‚

270 2117 311 2182 ut
340 2106 592 2177 transferrent
622 2114 792 2178 mortuos
813 2128 912 2177 suos
939 2106 1180 2179 tumulandos
1208 2106 1245 2177 in
1272 2104 1368 2177 atrio

271 2205 456 2301 ecclesie,
487 2215 526 2277 et
554 2214 594 2276 ut
619 2205 865 2278 convenirent
889 2205 926 2277 in
954 2204 1295 2303 sollempnitatibus
1323 2208 1370 2277 ad
1487 2212 1488 2285 i

271 2305 474 2381 ecclesiam
490 2304 618 2379 audire
633 2310 790 2379 verbum
802 2306 880 2379 Dei.
907 2305 1051 2394 Quibus
1063 2306 1176 2380 etiam
1188 2310 1371 2380 sacerdos
1487 2312 1488 2355 l

272 2406 340 2483 Dei
354 2406 480 2480 Bruno
498 2406 601 2479 iuxta
616 2407 795 2480 creditam
812 2407 881 2480 sibi
894 2408 1124 2504 legationem
1138 2406 1377 2482 sufficienter

267 2505 548 2583 administravit
572 2512 729 2580 verbnm
758 2509 864 2604 Dei,.
882 2509 1025 2582 hab-ens
1058 2533 1257 2582 sermones
1284 2532 1372 2581 con-

273 2609 435 2707 scriptos
453 2608 634 2709 Sclavicis
659 2608 798 2706 verbiS,
827 2633 921 2706 quos
942 2610 1079 2707 populo
1104 2609 1373 2709 pronunciaret

273 2719 496 2809 opportune.
540 2711 586 2781 Et
608 2708 753 2783 inhibiti
781 2721 868 2782 sunt
886 2710 1011 2783 Sclavi
1034 2712 1080 2783 de
1100 2721 1226 2784 cetero
1246 2711 1373 2783 iurare

271 2811 312 2882 in
337 2808 553 2906 arboribus,
578 2810 742 2883 fontibus
772 2819 809 2882 et
836 2810 1042 2908 lapidibus⁷
1068 2815 1137 2884 sed
1161 2811 1376 2886 offerebant

274 2909 492 2985 criminibus
519 2911 689 3008 pulsatos
717 2910 917 3007 sacerdoti,
944 2912 1044 2984 ferro
1072 2912 1133 2984 vel
1155 2912 1377 2996 vomeribus

277 3011 558 3085 examinandos.
587 3011 627 3082 ln
645 3012 718 3083 illis
734 3011 866 3084 diebus
882 3011 1006 3085 Sclavi
1023 3015 1212 3109 quendam
1222 3013 1373 3084 Danum

275 3109 500 3200 sustinerunt
518 3111 628 3182 cruci.
664 3111 772 3198 Quod
794 3136 877 3183 curn
893 3112 1018 3184 Bruno
1038 3115 1218 3186 sacerdos
1236 3135 1376 3186 renun-

277 3211 418 3284 ciasset
432 3210 572 3307 comiti,
586 3211 648 3283 ille
659 3212 807 3285 vocavit
824 3235 889 3286 eos
907 3212 944 3285 in
961 3236 1115 3286 causam
1131 3223 1169 3286 et
1183 3211 1375 3310 dampno²

276 3311 469 3407 multavit3
488 3311 646 3410 tulitque
664 3336 789 3409 genus
808 3312 896 3385 illud
914 3313 1087 3411 supplicii
1107 3316 1153 3386 de
1171 3324 1284 3386 terra.

323 3426 326 3430 ’
352 3411 490 3485 Videns
509 3411 623 3510 igitur
639 3413 825 3487 Geroldus
846 3413 1061 3512 episcopus,
1081 3414 1167 3512 quia
1185 3414 1222 3486 in
1237 3415 1376 3486 Alden·

276 3517 372 3610 burg
390 3513 553 3611 positum
573 3525 679 3587 esset
694 3514 982 3588 fundamentum
1002 3519 1156 3611 bonum,
1178 3513 1379 3612 suggessit

277 3613 423 3704 comiti,
457 3613 555 3686 utin
583 3638 682 3712 pago
711 3614 773 3712 qui
799 3613 932 3688 dicitur
957 3615 1088 3712 Susle,
1125 3614 1378 3689 suscitaretur

277 3714 450 3788 ecclesia.
486 3716 532 3786 Et
550 3714 737 3788 miserunt
753 3715 840 3788 illuc
861 3719 907 3788 de
922 3716 1138 3790 Falderensi
1158 3719 1269 3792 domo
1288 3715 1377 3788 Dei·

274 3814 383 3887 lawin
404 3816 655 3911 sacerdotem,
680 3814 786 3888 cuius
814 3815 966 3914 spiritus
994 3816 1143 3891 sitiebat
1166 3817 1316 3892 labores
1337 3826 1377 3888 et

275 3914 441 4014 pericula
467 3915 504 3987 in
514 3915 778 4014 ,predicatione
807 3917 1009 4015 euangelii,
1034 3917 1251 4016 missusque
1271 3916 1375 3990 venit

276 4016 313 4086 in
331 4016 552 4114 speluncam
564 4016 766 4114 latronum7
781 4020 826 4091 ad
841 4017 998 4092 Sclav'os
1011 4019 1072 4117 qui
1088 4018 1257 4092 habitant
1269 4018 1376 4091 iuxta

278 4230 303 4305 1)
321 4237 411 4305 siquis,
432 4234 450 4288 i.
471 4252 495 4290 e.
515 4235 661 4306 campanis,
680 4237 761 4290 nolis.
847 4236 874 4308 2)
891 4239 962 4310 quod
980 4237 1094 4292 dicimus
1114 4237 1246 4308 Wcrqeld
1333 4311 1336 4317 Ι
