3000 4900
278 444 350 514 114
386 434 637 509 HELMOLDI
652 434 897 510 CHRONICA
912 435 1178 510 SLAVORUM.
1207 435 1295 510 LIB.
1311 433 1340 510 l,

274 662 504 738 gressusque
522 661 588 710 eos
603 637 666 735 qui
681 663 747 735 pre
765 636 938 710 manibus
958 633 1064 710 erant
1083 648 1120 710 et
1133 663 1240 735 quasi
1232 637 1372 712 sudes

275 739 419 814 defixe
409 766 447 811 in
462 738 581 811 oculis
591 737 797 831 Saxonum,
807 737 995 835 percussit
1009 763 1075 812 eos
1082 739 1205 836 plaga
1219 765 1371 838 magna,

277 865 430 914 omnem
457 839 603 912 scilicet
628 849 770 911 terram
797 839 1034 935 Plunensem‚
1061 839 1134 910 Lut
1119 839 1373 953 tilenburgen·

276 966 356 1016 sem
359 941 747 1053 Aldenburgensem,
767 964 994 1037 omnemque
1013 939 1208 1038 regionem
1228 966 1301 1038 que
1319 941 1373 1013 in·

275 1043 390 1115 cheat
407 1066 429 1114 a
447 1041 527 1113 rivo
546 1039 685 1113 Svalen
703 1050 741 1112 et
760 1039 945 1112 clauditur
970 1064 1063 1111 man
1056 1039 1227 1114 Baltico
1248 1051 1285 1114 et
1302 1039 1371 1112 flu-

275 1143 377 1216 mine
396 1142 566 1214 Trabena
584 1183 635 1193 —
661 1165 811 1214 omnem
831 1141 962 1213 hanct
947 1150 1088 1212 terram
1108 1166 1182 1212 una
1205 1141 1373 1214 incursa·

274 1242 378 1326 tione
410 1242 527 1340 preda
554 1251 592 1314 et
617 1240 788 1314 incendio
817 1251 1070 1336 vastaverunt,
1094 1251 1221 1339 preter
1246 1244 1372 1338 urbes,

277 1369 349 1441 que
367 1341 477 1416 vallis
497 1352 535 1415 et
552 1341 647 1414 seris
666 1341 821 1438 munite,
837 1341 1040 1413 obsidionis
1058 1341 1281 1439 propensius
1296 1353 1374 1414 stn-

173 1455 182 1462 “
276 1443 378 1515 dium
397 1443 673 1542 perquirebant.
701 1443 874 1514 Proxima
895 1441 1036 1515 estate¹
1051 1443 1211 1514 Holtsat
1186 1453 1213 1514 t1
1232 1467 1273 1516 se
1292 1467 1373 1516 mu-

277 1555 342 1617 tuo
370 1545 504 1617 adhort
490 1553 614 1616 tantes
634 1541 747 1615 etiam
775 1543 855 1616 sine
881 1543 1019 1615 comite
1045 1554 1210 1614 castrum
1229 1543 1373 1616 Plunen

277 1645 450 1724 adierunt
435 1643 675 1740 tdivinoque
691 1643 806 1715 adiuti
820 1643 996 1738 presidm,
1012 1643 1260 1717 munitionem
1274 1644 1373 1715 hanc

278 1744 413 1820 ceteris
432 1744 640 1818 firmiorem
663 1754 790 1840 preter
816 1767 924 1841 spem
951 1743 1203 1840 obtinuerunt,
1227 1743 1375 1816 Sclavis

278 1846 341 1943 qui
367 1845 457 1917 inibi
484 1855 591 1918 erant
609 1843 789 1916 occisioni
807 1844 963 1915 traditis.
1018 1843 1299 1941 Gesseruntque
1327 1870 1372 1918 eo

278 1971 376 2019 anno
395 1945 536 2018 bellum
555 1945 727 2043 perutile,
752 1954 1067 2041 vastaveruntque
1093 1944 1233 2018 crebris
1252 1944 1375 2016 incur-

278 2047 382 2119 sibus
400 2057 541 2119 terram
559 2045 795 2138 Sclavorum,
814 2046 1059 2140 feceruntque
1079 2045 1145 2140 eiS,
1174 2056 1214 2117 ut
1233 2045 1301 2117 sibi
1321 2047 1374 2118 fa-

278 2171 364 2221 cere
383 2157 671 2244 proposuerant,
688 2145 789 2217 omni
808 2157 909 2218 terra
928 2169 1060 2218 eorum
1075 2148 1112 2216 in
1132 2146 1374 2218 solitudinem

278 2248 441 2321 redacta.
495 2247 791 2342 Habueruntque
810 2245 973 2318 Holtsati
997 2269 1065 2342 pro
1086 2246 1211 2320 omine
1230 2248 1374 2320 bellum

278 2349 370 2420 illud
388 2347 701 2419 Transalbianum
719 2346 925 2441 Saxonum,
954 2371 998 2419 eo
1026 2348 1125 2442 quod
1144 2347 1377 2420 invenissent

271 2449 490 2523 libertatem
511 2446 714 2521 ulciscendi
734 2472 775 2521 se
794 2448 839 2521 de
854 2446 1012 2539 SclaviS,
1035 2447 1213 2521 nemine²
1231 2448 1377 2523 scilicet

280 2550 498 2623 obsistente.
551 2550 647 2621 Nam
675 2548 862 2647 principes
889 2548 1046 2621 Sclavos
1075 2573 1226 2622 servare
1252 2550 1379 2624 solent

277 2650 426 2723 tributis
445 2649 523 2721 suis
543 2650 842 2747 augmentandis,
879 2649 1080 2745 Postquam
1101 2649 1215 2747 igitur
1231 2649 1377 2723 Heinri-

279 2776 359 2847 cns,
373 2776 491 2848 gener
503 2749 672 2821 Lotharii
690 2750 805 2847 regis⁷
820 2750 957 2822 auxilio
978 2774 1111 2821 socrus
1124 2750 1289 2824 Rikenze
1307 2750 1376 2823 im-

278 2851 478 2951 peratricis
497 2852 675 2923 ducatum
693 2850 854 2922 obtinuit
872 2861 909 2923 et
933 2861 1122 2948 nepotem·
1136 2874 1246 2923 sunm
1262 2851 1377 2949 'Adel-

186 3029 188 3032 ,
279 2951 608 3027 bertum‘Saxonia
626 2950 869 3048 deturbavit³,
884 2952 1041 3023 Adolfus
1061 2976 1189 3025 comes
1208 2952 1318 3025 rediit
1335 2951 1374 3024 in

279 3053 483 3126 cometiam
505 3077 625 3124 suam.
668 3052 805 3125 Videns
832 3062 959 3125 autem
978 3052 1175 3125 Heinricns
1195 3054 1240 3125 de
1258 3053 1377 3125 Bade-

227 3173 231 3176 ·
278 3152 363 3249 wid,
389 3153 475 3249 quia
491 3152 708 3226 ,subsistere
735 3177 810 3225 non
829 3163 971 3250 posset,
997 3153 1190 3225 succendit
1208 3150 1376 3225 casuum

280 3252 488 3351 Sigeberch
528 3278 730 3349 arcemque
770 3253 1028 3325 firmissimam
1064 3254 1376 3351 Hammemburg,

281 3379 395 3451 quam
420 3352 568 3427 comitis
595 3352 718 3426 Adolfi
743 3364 865 3427 mater
889 3364 1038 3426 murato
1065 3370 1180 3451 opere
1206 3364 1377 3427 constru-

279 3465 399 3551 xerat,
426 3465 468 3526 nt
498 3465 600 3528 esset
623 3454 904 3528 firmamentum
936 3454 1019 3527 urbi
1050 3464 1182 3527 contra
1211 3454 1376 3553 impetus

279 3557 536 3629 barbarorum.
589 3556 696 3627 Hanc
713 3555 829 3653 igitur
853 3556 1020 3653 domum,
1048 3565 1085 3627 et
1111 3555 1288 3653 quidquid
1309 3581 1376 3627 no-

279 3657 355 3729 bile
379 3656 506 3729 senior
531 3656 689 3728 Adolfus
717 3666 990 3751 construxerat,
1019 3655 1216 3729 Heinricns
1244 3658 1376 3755 fugam

278 3757 477 3854 meditans,
505 3756 706 3830 demolitus
735 3766 804 3829 est.
857 3757 947 3829 Post
971 3758 1043 3829 hec
1060 3756 1258 3829 Heinricns
1276 3756 1377 3831 Leo⁴

280 3858 379 3955 cepit
410 3858 547 3931 armari
573 3858 754 3931 adversus
780 3858 995 3931 Conradum
1025 3882 1169 3955 regem,
1197 3856 1376 3955 duxitque

172 3967 174 3972 ’
278 3969 411 4032 contra
431 3972 518 4033 eum
540 3958 745 4031 exercitum
760 3958 797 4030 in
816 3958 1073 4057 Thuringum,
1099 3959 1143 4031 ad
1168 3959 1294 4031 locum
1311 3958 1378 4056 qui

279 4059 414 4132 dicitur
437 4059 666 4156 Cruceburg.
718 4058 825 4132 Bello
853 4059 979 4156 itaque
1007 4084 1074 4157 per
1099 4059 1268 4131 inducias
1290 4084 1377 4158 pro-

280 4210 304 4279 l)
327 4211 406 4265 1139.
492 4213 520 4280 2)
539 4230 577 4265 sc.
597 4212 746 4283 principum
768 4212 983 4266 christianorum.
1068 4212 1094 4283 3)
1115 4208 1171 4265 Cn.
1190 4210 1290 4267 Annal.
1310 4210 1377 4268 Su.

278 4302 302 4335 a.
319 4283 398 4337 ¹139.
473 4286 499 4352 4)
520 4284 578 4338 cn.
598 4297 677 4356 supra
699 4304 724 4355 p.
742 4286 802 4338 113.
824 4296 878 4338 not.
891 4286 919 4338 2.
