3000 4900
284 436 357 509 150
408 431 654 507 Huuuouut
673 428 917 535 CHRONlCA
936 418 1204 505 SLAVORUM.
1231 431 1318 504 LlB.
1333 431 1358 504 l.

280 656 357 707 mes
369 656 443 706 non
457 635 581 721 sudat
591 633 770 706 minorem
777 639 926 725 portem
942 654 1060 704 suam.
1087 630 1278 725 Amplioru
1290 634 1385 705 enim

282 734 328 807 de
344 736 424 829 ipso
438 730 686 827 persumenda
703 738 799 829 sunt,
827 739 952 828 utpote
975 730 1020 804 de
1044 732 1189 805 bomine
1212 727 1385 827 litterato,

280 834 433 907 habente
446 835 635 906 seientiam
648 856 771 905 rerum
784 831 862 905 Deo
872 832 1108 927 placentium.
1138 833 1242 905 Tunc
1255 856 1384 907 comes

282 946 413 1007 noster
438 946 592 1007 secutus
619 933 757 1006 factum
787 933 934 1006 comitis
961 933 1208 1029 Polaborum,
1239 932 1387 1027 remisit

282 1037 328 1108 de
356 1032 539 1109 beneficio
570 1057 639 1107 suo
663 1044 856 1107 trecentos
880 1057 1050 1131 mansos,
1079 1032 1140 1130 qui
1167 1032 1278 1107 oblati
1299 1043 1387 1107 sunt

282 1159 352 1235 per
379 1129 516 1208 manus
543 1133 647 1208 ducis
673 1134 709 1206 in
737 1137 864 1207 dotem
887 1133 1210 1231 Aldenburgeusis
1240 1134 1386 1232 episco-

308 1244 407 1309 atus.
1193 1251 1197 1259 ’

281 1262 305 1335 p
358 1338 417 1409 78.
448 1336 639 1407 Transitus
658 1333 812 1408 Woelini.
866 1335 956 1408 Post
974 1334 1046 1407 hec
1065 1334 1240 1407 abiitdux
1254 1344 1386 1406 noster

281 1434 319 1508 iu
341 1434 487 1508 ltaliam
509 1459 594 1508 cum
614 1459 707 1532 rege
730 1458 799 1534 pro
825 1458 964 1507 corona
980 1433 1177 1531 imperiali.
1213 1435 1297 1522 Quo
1323 1437 1387 1507 ab·

282 1534 591 1609 senteVicelinus
611 1536 813 1633 episcopus
832 1534 1123 1632 ingravescente
1139 1538 1269 1609 morbo
1285 1534 1386 1609 diem

283 1635 417 1709 clausit
443 1645 665 1709 extremum.
702 1634 803 1709 Obiit
825 1646 953 1708 autem
980 1636 1014 1709 2.
1037 1634 1123 1709 ldus
1148 1634 1385 1730 Decembris,

282 1759 381 1808 anno
409 1735 585 1809 videlicet
609 1735 793 1808 incarnati
817 1735 922 1808 verbi
949 1734 1151 1808 millesimo
1176 1734 1384 1809 centesimo

188 1834 357 1913 1154.54⁰.
391 1836 496 1911 Sedit
514 1847 640 1909 autem
657 1836 694 1908 in
714 1836 936 1934 episcopatu
952 1834 1061 1908 annis
1077 1836 1254 1934 quinque,
1275 1836 1386 1910 ebdo-

202 1929 270 2058 ἧς·
281 1936 453 2011 madibus
475 1960 626 2013 novem.
660 1937 806 2036 Corpus
825 1938 906 2009 eius
925 1935 1150 2028 tumulatum
1171 1938 1285 2009 estin
1304 1935 1385 2008 Fal·

253 2037 432 2111 ‘derensi
458 2036 634 2133 ecclesia,
659 2046 839 2134 presente
867 2036 1011 2110 scilicet
1029 2039 1167 2109 domno
1186 2036 1386 2110 Racisbur·

281 2137 392 2235 gensi
412 2137 591 2235 episcopo
608 2148 646 2210 et
664 2137 831 2209 officium
851 2147 1153 2209 consummante.
1193 2138 1385 2234 Agebatur

280 2238 393 2335 igitur
417 2238 602 2311 intensius
629 2238 813 2311 memoria
832 2238 917 2310 boni
937 2237 1054 2335 patris
1072 2248 1150 2309 tam
1170 2236 1207 2309 in
1226 2238 1383 2309 Falderu

179 2376 183 2383 ·
281 2362 394 2437 quam
426 2338 462 2409 iu
496 2337 684 2413 Cozeliua.
732 2338 890 2435 Fuitque
923 2335 1107 2435 prefixum
1137 2337 1383 2434 curatoribuS,

281 2438 368 2538 quid
395 2438 554 2536 singulis
578 2438 709 2512 diebus
739 2438 816 2512 dari
843 2440 997 2512 deberet
1023 2438 1060 2511 iu
1088 2438 1296 2513 elemosina
1315 2464 1382 2537 pro

280 2539 448 2613 remedio
476 2539 601 2612 anime
630 2540 722 2612 eius.
758 2539 839 2612 Fuit
857 2549 984 2612 autem
1003 2539 1041 2612 in
1060 2539 1238 2613 Cuzelina
1259 2563 1384 2614 sacer·

280 2643 348 2714 dos
381 2640 532 2737 quidam
557 2640 789 2713 Volchardus
822 2640 994 2736 nomine,
1031 2639 1204 2713 minister
1236 2663 1383 2736 mense,

282 2741 419 2838 quique
453 2739 598 2837 primus
634 2743 680 2813 ad
705 2740 901 2813 Falderam
938 2764 1024 2815 cum
1051 2743 1189 2813 domno
1216 2740 1382 2814 Viceliuo
1495 2737 1496 2744 ’

282 2850 459 2936 venerat,
486 2840 691 2914 industrius
725 2840 764 2911 in
794 2839 1001 2914 actionibus
1037 2840 1272 2914 extrinsecis.
1314 2841 1383 2912 Hic

280 2965 373 3038 ergo
394 2941 624 3014 elemosinas
642 2965 710 3039 pro
729 2940 816 3014 boni
834 2941 997 3040 pastoris
1017 2940 1144 3014 anima
1160 2940 1383 3014 constitutas

281 3043 372 3113 dare
390 3041 570 3137 neglexit,
594 3065 732 3138 parcus
758 3041 794 3113 in
815 3045 928 3114 rebus
948 3065 1062 3139 supra
1089 3065 1202 3138 quam
1222 3064 1383 3114 necesse
1494 3049 1495 3108 i

283 3150 397 3213 esset.
443 3141 626 3238 Apparuit
648 3141 761 3237 igitur
786 3142 1010 3214 venerabilis
1039 3141 1208 3239 pontifex
1236 3141 1383 3216 mulieri

282 3242 429 3312 cuidam
446 3241 666 3312 consistenti
681 3242 717 3312 in
734 3266 831 3338 pago
847 3241 1067 3338 Segeberge
1078 3241 1383 3315 circumamictus

283 3341 383 3414 cultu
404 3341 642 3434 sacerdotali,
661 3341 826 3438 dixitque
846 3345 890 3414 ad
912 3367 1015 3414 eam:
1058 3340 1154 3413 Vade
1171 3349 1207 3414 et
1222 3341 1282 3415 dic
1305 3341 1384 3414 Vol·
1493 3363 1494 3438 }

283 3438 423 3512 chordo
437 3440 635 3536 sacerdoti,
650 3444 737 3536 puio
753 3444 859 3535 impie
874 3445 954 3537 opit
966 3445 1065 3514 cirea
1081 3467 1147 3538 me,
1166 3441 1383 3516 subtrabens

173 3599 177 3614 .
283 3563 328 3612 eo
346 3563 413 3636 pue
426 3565 498 3633 pro
519 3541 678 3613 remedio
698 3544 818 3614 anime
836 3565 912 3614 mee
934 3544 1096 3629 fratrum
1113 3542 1221 3615 michi
1240 3541 1382 3616 devotio

281 3640 525 3733 supputavit&
558 3641 624 3716 Cui
644 3642 797 3714 mulier:
831 3642 930 3738 (luis,
949 3643 1080 3739 inquit
1100 3641 1257 3738 domine,
1270 3645 1385 3716 vitam
1492 3693 1493 3720 n

281 3740 385 3814 vobis
401 3747 508 3837 utque
521 3740 685 3836 linquam
700 3739 875 3814 donavit?
904 3741 1032 3815 Nonne
1050 3746 1157 3831 foma
1175 3743 1287 3816 latius
1302 3768 1383 3838 per·

283 3840 432 3937 crebuit,
457 3865 524 3913 uos
544 3840 668 3914 multis
693 3840 820 3914 diebus
837 3842 893 3915 cel
910 3845 1017 3915 annis
1038 3843 1165 3938 linqua
1181 3846 1383 3937 privatum,

277 3949 465 4035 postremo
491 3944 600 4014 etium
618 3948 734 4013 morte
752 3941 988 4030 defunctum?
1034 3942 1134 4017 Unde
1161 3945 1273 4039 ipitur
1294 3943 1385 4017 bec?
1491 3967 1492 3998 l

283 4041 406 4128 Quam
432 4042 493 4113 ille
519 4041 653 4114 blando
680 4041 783 4114 vultu
812 4044 1032 4117 consolaus:
1076 4045 1226 4139 Iterat,
1254 4046 1317 4137 ait,
1345 4051 1389 4117 ut

284 4141 455 4237 loqueris,
474 4141 539 4213 sed
555 4141 619 4214 bec
637 4141 765 4214 melius
783 4166 878 4216 nunc
896 4147 1111 4217 instaurata
1123 4133 1251 4238 recepi.
1282 4143 1384 4218 Nun·

284 4257 309 4328 1)
330 4259 348 4310 i.
368 4276 393 4313 e.
413 4260 559 4330 deputarit.
