3000 4900
279 427 351 498 130
401 414 647 493 HELMOLDI
664 415 906 492 CHRONICA
926 416 1193 492 SLAVORUM.
1219 416 1308 494 LlB.
1323 418 1353 491 l.

270 624 337 704 die
361 622 438 718 itta,
468 617 658 694 seditiosis
683 618 858 692 omnihus
882 629 946 692 aut
963 617 1128 692 reductis
1147 618 1183 690 in
1203 616 1383 723 gretiam,

279 719 561 822 autprorinoia
588 719 721 819 pulsis
748 717 864 792 Misit
888 743 979 816 ergo
1004 741 1135 791 comes
1152 719 1315 792 nuncios
1335 720 1382 792 ad

275 826 483 918 kanutum,
501 843 716 922 suggerens
736 830 776 892 ut
795 819 1017 916 quantocius
1037 843 1122 892 curn
1138 819 1306 894 exercitu
1319 843 1384 894 va·

281 925 398 1021 niret,
423 943 678 1022 oppressurus
703 919 832 994 Sueiu.
874 919 941 995 Cui
970 920 1083 993 etiam
1100 919 1194 1020 ipse
1219 919 1384 994 occurrit

282 1049 367 1099 curn
397 1033 558 1122 quatuor
582 1021 732 1095 milibus
763 1017 1020 1118 expeditorum
1047 1045 1165 1120 prope
1187 1021 1384 1096 Sieswich.

280 1127 534 1220 dixeruntque
553 1132 676 1196 castra
695 1120 819 1217 longis
840 1124 886 1194 ab
900 1121 1061 1194 invicem
1082 1121 1233 1221 spaciis.
1264 1123 1384 1194 Mora·

274 1231 392 1301 datur
409 1235 537 1297 autern
551 1221 667 1296 Suein
686 1220 724 1293 in
744 1220 894 1292 civitate
914 1221 1094 1296 Sleswich
1116 1247 1201 1295 curn
1225 1247 1301 1293 non
1317 1221 1384 1294 mi·

283 1326 384 1404 nima
417 1324 640 1398 bellatorum
676 1344 801 1395 manu.
846 1321 985 1395 Videns
1021 1322 1134 1418 igitur
1169 1323 1385 1419 Ethelarus‚

275 1426 461 1526 princeps
483 1423 673 1498 exercitus
690 1420 827 1516 suein,
851 1422 935 1520 quia
964 1423 1159 1521 duplicata
1170 1434 1263 1496 stunt
1285 1423 1384 1495 anaia

284 1527 501 1622 multusque
519 1523 622 1596 vonit
645 1521 832 1595 exercitus
855 1525 900 1596 ad
925 1525 1171 1604 obsidendum
1192 1548 1273 1616 eos,
1298 1523 1388 1596 abiit

285 1630 331 1700 ad
360 1626 548 1698 Kanutum
575 1623 611 1695 in
640 1622 745 1718 doio,
775 1625 936 1720 dataque
969 1623 1128 1722 pecunia
1149 1623 1386 1722 principibus

278 1726 474 1800 cunutus
503 1723 650 1797 seduxit
674 1723 971 1796 adolescentiam
999 1725 1154 1820 Kanuti‚
1179 1735 1221 1798 ut
1247 1725 1388 1799 rediret

285 1828 322 1899 in
345 1837 486 1899 terram
509 1848 631 1922 suam,
650 1823 769 1896 inscio
795 1823 931 1910 comite
952 1825 1098 1922 Adoifo,
1121 1835 1160 1898 at
1183 1825 1390 1898 dimitteret

278 1927 506 2022 exordium,
536 1947 844 2022 unumquemque
863 1924 1045 2000 inlocum
1064 1949 1186 2002 suum.
1231 1924 1390 1999 Preiixis

282 2051 436 2143 quoquo
451 2024 623 2118 induciis,
639 2024 840 2124 spopondit
854 2048 896 2098 se
912 2025 993 2098 sine
1008 2026 1106 2099 bello
1119 2051 1254 2126 paoem
1268 2025 1390 2100 Dacis

279 2129 528 2208 redditurum.
560 2124 628 2198 His
642 2128 687 2198 ad
704 2125 848 2198 libitum
865 2127 1042 2223 peractis
1064 2127 1174 2201 rediit
1187 2128 1390 2201 Ethelerus

280 2228 482 2322 Sieswich‚
508 2249 622 2298 mane
647 2236 883 2322 pugnaturus
904 2251 988 2300 curn
1009 2227 1160 2314 comite„
1177 2238 1217 2301 et
1235 2251 1391 2326 percus-

288 2353 399 2403 surus
419 2351 506 2404 eum
525 2337 693 2426 reponte.
721 2329 774 2400 Eo
795 2350 957 2426 vespere
977 2328 1127 2427 quidam
1147 2328 1389 2401 familiarium
1496 2393 1497 2427 p

287 2429 434 2504 comitis
446 2438 532 2503 orat
545 2426 741 2523 Sieswioh‚
758 2427 819 2526 qui
838 2429 1008 2503 sentiens
1027 2454 1070 2503 ea
1082 2454 1154 2529 que
1166 2430 1262 2503 clam
1280 2454 1391 2529 para·
1495 2508 1496 2528 p

279 2529 587 2605 Jnanturtransiit
605 2552 689 2601 oum
705 2529 947 2602 festinatione
966 2530 1103 2625 lacum,
1121 2542 1160 2603 et
1173 2530 1330 2604 veniens
1349 2532 1389 2603 in
1494 2602 1495 2628 p

281 2642 411 2704 castra
424 2628 514 2702 dixit
524 2633 569 2703 ad
586 2630 778 2703 comitem:
796 2628 1391 2728 Deceptuseo,ocomec,drcaptuo
1493 2702 1494 2726 p

287 2738 395 2829 atque
407 2729 657 2824 pessundatus
674 2754 722 2803 es.
749 2731 920 2803 Kunutuo
938 2733 1031 2804 enim
1049 2738 1086 2804 et
1101 2734 1280 2805 exercitus
1298 2734 1389 2828 eiua,

283 2835 505 2929 inquorum
530 2830 670 2902 cundo
693 2838 733 2904 du
755 2834 894 2927 venisti,
919 2834 1052 2904 reunsi
1075 2840 1161 2905 eunt
1186 2835 1224 2905 in
1250 2839 1388 2905 tetrum

286 2956 407 3027 want,
432 2938 465 3005 et
488 2938 526 3004 tu
543 2929 646 3004 solus
662 2931 721 3003 hio
738 2934 844 3004 iocos.
881 2932 975 3005 Eece
991 2940 1163 3006 venarrus
1181 2940 1233 3007 est
1249 2932 1390 3007 Ethele·

287 3057 352 3106 rus
382 3032 545 3104 dilucido
571 3056 740 3127 pugnare
769 3040 898 3105 teano.
958 3038 1096 3109 Comes
1129 3034 1242 3131 igitur
1272 3058 1388 3132 supra
1489 3060 1490 3065 ¹

284 3158 402 3235 ¹quarn
435 3132 536 3204 credi
565 3143 693 3229 potest
723 3133 914 3205 admirans
939 3134 1195 3231 inposturam7
1228 3134 1317 3207 dixit
1341 3138 1388 3208 ad
1488 3144 1489 3147 ’

288 3258 398 3307 suos:
435 3228 739 3329 Quandoquidem
758 3235 794 3307 in
811 3231 930 3307 medio
944 3234 1088 3307 mirice¹
1105 3237 1337 3309 consistimus
1356 3242 1395 3309 et

288 3336 369 3431 equi
390 3336 510 3406 nostn‘
533 3336 748 3422 afficiuntur
772 3333 915 3430 inedie,
950 3335 1085 3409 bonam
1118 3342 1173 3409 est
1206 3360 1274 3409 noo
1303 3335 1392 3408 dinc

282 3437 447 3514 transire
463 3433 655 3530 iocumque
671 3457 820 3531 querere
837 3438 969 3508 curuis
987 3442 1219 3529 oportunum.
1260 3436 1393 3511 Sensit

286 3534 401 3633 igitur
422 3534 627 3629 exercitus,
655 3535 822 3607 anianum
853 3536 998 3609 comitis
1026 3536 1176 3611 sinistra
1196 3538 1393 3634 legatione

287 3658 527 3709 concussum.
573 3636 846 3737 Movernutque
865 3647 989 3709 castra
1008 3640 1053 3710 de
1073 3638 1155 3710 ioco
1175 3638 1237 3735 qui
1257 3637 1396 3711 dicitur

282 3736 534 3834 Coniugisho,
544 3746 814 3833 verteruntque
829 3737 1044 3811 iterversus
1054 3738 1253 3834 Egdoram.
1269 3739 1391 3811 Tanta

287 3847 415 3911 autem
436 3835 652 3912 festinantia
677 3836 903 3935 preterlapsi
931 3848 1032 3932 sunt,
1060 3849 1100 3911 ut
1123 3838 1302 3913 veniente
1330 3863 1393 3913 co·

286 3938 377 4016 mite
403 3940 449 4014 ad
475 3938 662 4034 Egdoram
690 3939 736 4009 de
764 3948 923 4034 quatuor
949 3938 1099 4015 milibus
1126 3938 1391 4039 expeditorum
1471 4030 1472 4033 Ἴ

286 4038 347 4112 vix
362 4036 624 4136 quadringenti
641 4062 725 4110 curn
741 4062 786 4112 eo
802 4038 940 4135 reperti
955 4040 1102 4115 fuerint.
1136 4038 1241 4129 Quos
1256 4062 1391 4115 comes

286 4140 506 4235 adhortans7
525 4138 593 4213 ait:
632 4138 733 4218 Licet
751 4141 888 4227 fratres
907 4146 942 4213 et
957 4143 1097 4215 amicos
1115 4146 1262 4215 nostros
1279 4140 1395 4214 huius·

286 4256 313 4324 1)
332 4255 548 4327 Kropperhoide.
