3000 4900
150 393 402 468 HELMOLDI
422 390 664 466 CHRONICA
681 390 948 468 SLAVORUM.
977 395 1065 470 LlB.
1082 396 1107 468 l.
1165 403 1209 471 17

114 620 185 695 per
212 605 249 670 et
274 592 425 692 mobile,
453 593 630 691 piraticas
652 603 871 668 exercentes
895 596 1044 694 predas,
1063 622 1110 670 ex
1136 622 1212 671 una

29 760 30 770 ,
115 707 225 795 parte
243 695 372 791 uanis,
395 719 441 767 ex
464 695 584 767 altera
602 692 813 766 Saxonibus
832 695 1021 771 infestum.
1074 697 1211 795 Sepius

31 874 32 888 χ
115 798 232 896 igitur
254 791 457 892 multisque
482 794 603 866 modis
620 818 846 892 magnorum
865 795 1138 894 imperatorum
1158 809 1212 870 at·

32 910 33 927 ¹
117 923 191 995 que
218 898 458 970 sacerdotum
482 895 637 968 solertia
667 905 894 993 temptatum
920 908 990 994 est,
1021 897 1053 968 si
1078 909 1212 996 gentes

115 999 189 1072 iste
200 998 360 1071 rebelles
376 1007 413 1069 et
426 995 617 1069 incredule
628 1007 785 1092 possent
799 997 1035 1094 aliquatenus
1048 998 1093 1069 ad
1109 999 1213 1096 agni-

115 1099 260 1172 tionem
271 1097 382 1170 divini
398 1096 560 1168 nominis
577 1108 613 1169 et
625 1096 876 1169 credulitatis¹
890 1098 1051 1196 gratiam
1067 1100 1211 1172 adduci.

195 1202 228 1271 3.
264 1196 455 1287 Quomodo
473 1197 635 1269 Kurolus
649 1195 816 1269 Senones
835 1197 886 1268 ad
902 1198 1010 1288 fidem
1028 1203 1212 1272 convertit.

33 1382 34 1394 χ
116 1299 220 1372 lnter
245 1322 376 1372 omnes
402 1322 493 1396 ergo
518 1307 718 1370 strennuos
747 1298 949 1372 christiane
974 1298 1061 1372 fidei
1079 1325 1214 1398 propa·

117 1410 284 1498 gatoreS,
310 1399 372 1496 qui
399 1423 466 1495 pro
487 1397 572 1471 fidei
597 1422 666 1470 sue
684 1398 818 1470 merito
838 1399 1064 1472 laudabilem
1088 1400 1214 1498 adepti

116 1510 207 1572 sunt
223 1497 485 1597 principatum,
510 1498 807 1596 gloriosissimus
832 1522 983 1598 semper
1001 1501 1125 1574 elucet
1143 1501 1214 1573 Ka·

13 1619 14 1646 ³
116 1602 235 1697 rolus7
254 1600 310 1674 vir
329 1599 497 1671 omnium
516 1599 742 1696 scriptorum
770 1601 957 1696 preconiis
986 1601 1213 1674 attollendus

117 1712 157 1774 et
175 1701 212 1772 in
231 1702 353 1773 fronte
372 1700 592 1772 statuendus
612 1724 756 1796 eorum,
780 1700 842 1796 qui
861 1725 929 1798 pro
945 1700 1025 1774 Deo
1045 1701 1082 1773 in
1101 1702 1214 1799 parti·

116 1804 188 1873 bus
225 1801 409 1899 aquilonis
445 1801 721 1873 laboraverunt.
767 1800 851 1897 lpse
887 1801 987 1874 enim
1019 1800 1214 1874 Saxonum

116 1910 273 1999 gentem
303 1900 578 1975 ferocissimam
605 1912 716 1997 atque
740 1902 922 1974 rebellem
951 1903 1051 1975 ferro
1081 1903 1214 2000 perdo-

116 2002 214 2074 muit
232 2012 270 2075 et
283 2001 495 2075 christianis
506 2000 652 2099 legibus
667 2001 826 2099 subegit.
843 2017 962 2073 Saxones
976 2029 1065 2072 autern
1079 2020 1121 2073 rel
1134 2019 1216 2073 Thu-

36 2125 37 2146 2
114 2103 188 2171 ringi
207 2103 326 2173 itemque
345 2111 433 2156 cetere
452 2119 505 2172 que
525 2103 596 2154 iuxta
612 2100 717 2154 llenum
737 2111 799 2154 sunt
817 2101 939 2155 nationes
959 2119 992 2155 ex
1004 2101 1215 2173 antiquollren·

13 2235 14 2242 ἵ
115 2177 155 2228 cis
181 2176 321 2229 tributarie
342 2175 475 2245 leguntur.
523 2173 629 2239 Quibus
650 2174 747 2226 deinde
767 2193 781 2228 a
801 2191 884 2243 regno
904 2192 996 2228 eorum
1017 2175 1215 2239 deficientibus,

116 2247 246 2318 pipinus,
273 2249 376 2317 genitor
398 2247 509 2311 Karoli,
536 2247 636 2300 bellurn
663 2246 767 2310 intulit,
803 2249 874 2317 quod
902 2257 990 2301 tamen
1017 2248 1087 2301 lilius
1113 2249 1215 2302 maiore

37 2381 38 2384 ,
116 2338 248 2392 felicitare
267 2339 378 2408 peregit.
403 2320 534 2416 Longo
554 2321 668 2418 igitur
685 2331 858 2418 ternpore
873 2322 1014 2394 bellum
1033 2323 1214 2396 adversus

37 2474 38 2490 r
117 2421 288 2495 Saxones
302 2419 557 2521 [ΗὈῘῙῘςῖῑῐϋΠ]7
577 2421 666 2518 tiSl²³
687 2440 759 2510 quod
779 2455 872 2507 magna
892 2439 1018 2509 utrinque
1034 2440 1214 2505 animositate,

14 2530 15 2537 ’
36 2554 37 2578 ;
116 2531 208 2583 tamen
227 2522 322 2574 maiori
343 2520 479 2575 Saxonum
504 2540 583 2592 quarn
606 2520 768 2575 Francorum
788 2522 905 2590 dampno
931 2538 979 2590 per
997 2524 1141 2574 continuos
1161 2521 1215 2573 tri-

117 2597 190 2663 ginta
212 2604 264 2647 tre·
285 2613 368 2647 annos
388 2597 538 2665 gerebatur.
575 2594 687 2648 Poterat
705 2592 837 2664 siquidem
865 2591 942 2646 citius
967 2593 1054 2658 liniri,
1079 2595 1101 2647 si
1123 2595 1215 2647 Saro-

36 2688 37 2751 i
116 2702 181 2738 num
199 2685 250 2739 boc
270 2686 471 2754 pertinacia
489 2688 654 2755 patereturss,
676 2666 738 2763 qul
755 2666 968 2740 libertatem
987 2668 1102 2740 armis
1117 2668 1215 2742 tueri

116 2768 316 2864 malenteS,
335 2768 565 2841 Francorum
584 2768 766 2840 terminos
787 2792 905 2864 usque
925 2768 970 2839 ad
989 2767 1133 2841 Renum
1154 2795 1217 2841 va·

15 2908 17 2963 g
116 2870 277 2940 Stabant.
311 2885 398 2940 Nullis
414 2887 504 2957 itaque
525 2888 581 2941 iere
600 2888 676 2940 anuis
697 2885 802 2938 abello
818 2888 1109 2957 vacantibus,taudem
1125 2886 1215 2939 Saxo-

15 2964 16 3035 l
117 2985 167 3021 nes
186 2969 221 3022 ita
235 2968 368 3038 profligati
381 2969 514 3039 leguntur,
534 2979 564 3023 ut
584 2986 615 3022 ex
630 2968 688 3031 hiis,
710 2970 756 3039 qui
771 2978 898 3039 utraeque
912 2969 982 3038 ripas
992 2969 1070 3021 atate
1085 2969 1215 3031 incolunt,

15 3044 17 3107 ζ
119 3041 213 3093 decern
234 3042 305 3094 milia
325 3042 463 3095 bominum
484 3060 543 3095 curn
564 3042 722 3095 mulieribus
743 3052 769 3093 et
785 3043 902 3111 parvulis
921 3044 949 3093 in
963 3040 1103 3093 Franciam
1125 3051 1216 3093 trans-

16 3112 17 3119 *
118 3113 167 3166 lati
190 3114 252 3169 sint.
291 3113 327 3167 Et
353 3114 396 3167 hic
419 3132 504 3169 annus
530 3125 571 3167 est
594 3116 714 3168 diuturni
734 3113 870 3167 Saxonum
897 3114 961 3167 belli
987 3113 1136 3167 tricesimus
1156 3124 1216 3168 ter·

118 3188 188 3248 tius,
209 3186 473 3256 qnemllrancorum
494 3188 621 3255 hystorici
642 3197 745 3257 ponunt
766 3188 977 3249 memorabilem,
1002 3188 1103 3241 scilicet
1121 3186 1216 3241 Karoli

119 3261 288 3328 imperatoris
313 3261 474 3313 tricesimum
499 3262 675 3331 septimum4,
703 3260 950 3329 quoWidelindus
976 3260 1098 3313 incentor
1121 3261 1217 3314 rebel-

17 3376 18 3383 ,
119 3332 213 3396 lionis,
233 3334 353 3403 deposita
375 3333 529 3404 tyrannide,
547 3334 659 3403 imperio
673 3332 810 3386 subiectus
830 3343 871 3386 est
884 3334 1087 3404 baptizatusque
1103 3344 1143 3386 est
1159 3335 1217 3403 ipse

119 3423 181 3458 cum
199 3392 257 3457 alfls
270 3405 405 3459 Saxonum
421 3407 603 3476 magnatibus:
623 3416 649 3459 et
669 3416 732 3458 tunc
748 3407 856 3457 demum
871 3405 986 3458 Saxonis
1007 3406 1034 3457 in
1050 3407 1216 3475 provinciam

17 3534 18 3565 2
118 3499 226 3549 redacta
245 3500 314 3551 este
353 3481 432 3552 Hac
451 3480 576 3577 itaque
602 3480 640 3551 in
668 3479 777 3551 bellis
801 3479 958 3551 victoria
982 3480 1123 3576 potitus
1142 3482 1216 3552 for-

118 3578 287 3651 tissimus
305 3578 478 3677 Karolus7
498 3580 628 3652 nonin
649 3604 689 3653 se
709 3580 774 3652 sed
794 3579 831 3650 in
847 3580 997 3651 domino
1013 3580 1093 3654 Deo
1114 3606 1217 3655 exer·

120 3678 263 3752 cituum
287 3682 452 3754 confisus
480 3691 548 3777 est
581 3680 693 3753 fortia
719 3689 827 3777 gesta
854 3705 923 3753 sua
949 3681 1070 3778 gratie
1097 3680 1216 3778 ipsius

119 3779 344 3853 adiumentis
370 3781 586 3854 attribuens.
635 3780 707 3868 Qui
735 3780 848 3853 etiarn
881 3805 1017 3879 magna
1046 3806 1137 3853 usus
1164 3781 1217 3852 in-

119 3881 274 3979 dustria
295 3879 486 3955 Saxonum
514 3882 687 3980 populos7
713 3880 804 3954 licet
821 3882 921 3955 male
949 3880 1116 3978 meritos,
1142 3892 1217 3953 sta·

120 4088 144 4159 t)
165 4090 309 4144 credulitas
329 4091 348 4143 i.
362 4108 386 4143 e.
408 4090 483 4146 [ides.
559 4091 586 4158 2)
607 4088 688 4146 Cous.
708 4110 731 4144 o.
748 4091 781 4142 to
795 4091 832 4143 in.
913 4090 939 4158 3)
960 4091 1219 4159 Sarnaca-patc-

115 4168 193 4217 retur
212 4178 243 4213 ex
257 4163 354 4216 Ademi
370 4162 422 4219 Ι.1,
442 4182 465 4217 c.
481 4165 507 4219 9.
563 4162 589 4236 d)
610 4166 693 4221 Nullis
706 4196 737 4205 -
749 4169 886 4233 septimum
899 4181 930 4217 ex
943 4162 1042 4217 Adami
1063 4164 1080 4216 Ι.
1094 4162 1115 4217 l.
1135 4182 1158 4219 c.
1176 4163 1219 4223 15.

117 4235 143 4305 5)
166 4234 288 4289 lndidem
308 4254 332 4291 c.
350 4236 384 4288 12
403 4237 449 4290 ttn.

946 4330 966 4391 2
