3000 4900
176 447 427 522 HELMOLDI
446 446 692 524 CHRONICA
709 446 978 522 SLAVORUM.
1005 445 1135 520 blut
1189 450 1237 522 13

138 650 277 723 nentiis
297 649 389 746 suis,
408 651 612 749 episcopus
630 650 761 723 Benno
780 651 995 722 nullatenus
1015 651 1237 747 perducem

136 751 307 826 obtinere
327 752 459 848 potuit,
474 753 561 824 licet
576 754 621 824 ad
637 753 709 824 hec
723 750 946 848 requirenda
962 749 1090 848 sepius
1107 747 1238 822 enisus

137 852 261 926 fuerit.
285 853 487 950 Postquam
505 864 630 926 autem
648 852 786 950 placuit
799 850 969 949 piissimo
989 850 1111 923 cesari
1125 849 1238 922 Heiu-

137 953 229 1038 rico,
249 954 391 1025 curiam
411 953 659 1028 celebrarem
680 965 804 1026 castro
819 951 1042 1047 Werbene¹,
1060 952 1157 1048 quod
1178 960 1238 1022 est

137 1053 239 1127 iuxta
252 1053 413 1150 Albium,
432 1057 477 1127 ad
494 1054 743 1152 experiendos
759 1053 906 1126 animos
920 1054 1156 1147 Sclavorum,
1174 1073 1238 1122 ve·

138 1165 277 1228 nerunt
302 1179 437 1228 omnes
466 1155 655 1254 principes
680 1155 915 1228 winulorum
941 1154 979 1226 in
1003 1151 1238 1252 presentiam

135 1256 297 1352 cesaris,
315 1280 435 1354 seque
453 1255 613 1354 imperio
632 1258 679 1328 ad
700 1260 840 1331 bonum
860 1257 965 1353 pacis
985 1265 1022 1327 et
1041 1252 1238 1326 subiectio·

137 1356 196 1430 nis
226 1361 554 1456 obtemperaturos
581 1356 777 1454 protestati
797 1366 896 1429 sunt.
941 1354 994 1428 lbi
1013 1353 1127 1453 igitur
1151 1377 1237 1425 cum

137 1457 460 1556 Aldenburgensis
474 1458 640 1556 pontifex
659 1458 695 1530 in
715 1457 812 1530 facie
827 1455 969 1530 cesaris
986 1466 1155 1528 veterem
1169 1477 1237 1551 pro

137 1558 302 1632 ecclesie
321 1583 389 1632 sue
413 1560 519 1632 bonis
545 1559 744 1632 innovaret
771 1557 1058 1656 querimoniam,
1082 1554 1238 1629 interro·

137 1659 217 1757 gati
243 1660 433 1758 principes
453 1660 674 1735 Sclavorum
707 1663 754 1732 de
780 1657 1087 1758 possessionibus
1113 1657 1159 1728 ad
1178 1655 1237 1729 ius

137 1759 308 1859 episcopi
342 1760 630 1859 pertinentibus,
666 1769 971 1859 recognoverunt
1005 1768 1237 1830 memoratas

137 1860 274 1934 urbes²
293 1886 378 1934 cum
398 1863 584 1936 suburbiis
605 1886 734 1934 eorum
756 1861 918 1934 ecclesie
938 1869 976 1932 et
991 1855 1155 1954 pontifici
1175 1860 1238 1930 de·

137 1965 229 2036 bere
249 1967 450 2059 pertinere.
488 1964 670 2036 Preterea'
684 1987 819 2036 omnes
837 1960 1008 2058 Obotriti,
1026 1958 1158 2053 Kicini,
1171 1959 1238 2031 Po·

137 2062 226 2160 labi,
253 2063 394 2160 Wagiri
423 2073 459 2137 et
485 2063 600 2137 ceteri
620 2063 840 2138 Sclavorurn
862 2061 1005 2161 populi,
1031 2060 1093 2159 qui
1112 2059 1238 2131 termi-

138 2164 197 2236 nis
215 2163 534 2261 Aldenburgensis
555 2164 717 2237 ecclesie
736 2165 1066 2257 concludebantur,
1086 2159 1239 2256 polliciti

137 2275 227 2338 sunt
242 2267 332 2338 dare
348 2289 500 2338 omnem
520 2287 691 2360 censum,
709 2291 821 2364 quem
835 2288 903 2363 pro
920 2263 1065 2337 decima
1079 2264 1237 2358 lllagnus

139 2365 226 2439 Otto
247 2365 516 2439 ecclesiasticis
543 2366 739 2465 stipendiis
765 2368 1022 2464 deputaverat.
1068 2363 1237 2451 Quorum

137 2478 267 2541 tamen
295 2467 509 2565 pollicitatio
537 2469 650 2567 plena
672 2467 910 2543 simulatione
930 2478 968 2539 et
986 2464 1131 2537 fallacia
1158 2464 1237 2536 fuit.

138 2567 274 2642 Statim
304 2568 403 2641 enim
432 2580 471 2642 ut
497 2593 607 2643 cesar
634 2570 757 2643 soluta
784 2568 887 2641 curia
913 2571 958 2640 ad
987 2566 1059 2638 alia
1083 2588 1126 2638 se
1151 2588 1238 2637 con-

139 2668 263 2765 vertit,
291 2668 405 2740 nichil
424 2672 468 2742 de
487 2670 687 2769 promissis
707 2678 942 2742 curaverunt.
985 2668 1068 2740 Dux
1087 2684 1237 2764 quoque

138 2770 332 2845 Saxonum
365 2769 600 2867 Bernardus,
635 2771 672 2844 in
700 2770 816 2843 armis
842 2770 991 2868 quidem
1019 2778 1238 2862 strennuus,

137 2873 206 2944 sed
234 2880 337 2943 totus
356 2870 518 2944 avaricia
546 2871 722 2968 inlectus,
748 2872 920 2967 Sclavos,
948 2894 1043 2969 quos
1075 2868 1237 2941 evicino

139 2970 284 3070 positos
302 2971 409 3044 bellis
421 2972 501 3045 sive
518 2972 753 3071 pactionibus
771 2975 988 3070 subegerat,
999 2967 1112 3041 tantis
1125 2969 1238 3041 vecti·

138 3071 280 3170 galium
301 3072 543 3169 pensionibus
564 3075 797 3172 aggravavit,
815 3084 853 3145 ut
871 3097 943 3145 nec
957 3093 1148 3144 memores
1168 3069 1237 3143 Dei

139 3196 212 3245 nec
248 3174 504 3247 sacerdotibus
549 3176 595 3247 ad
637 3174 838 3273 quicquam
879 3182 1011 3248 essent
1051 3170 1237 3245 benevoli.

139 3269 395 3362 Quamobrem
415 3274 525 3349 Cristi
546 3276 743 3348 confessor
761 3275 905 3370 Benno,
932 3274 1064 3346 videns
1082 3272 1253 3368 legatio·

139 3375 198 3447 nis
219 3400 288 3448 sue
309 3375 557 3448 ministerium
578 3401 598 3448 a
618 3375 847 3475 principibus
873 3373 991 3448 seculi
1011 3397 1084 3444 non
1113 3373 1237 3445 solum

140 3500 214 3547 non
235 3476 413 3571 adiuvari,
432 3476 547 3550 immo
566 3477 731 3551 funditus
751 3475 952 3576 prepediti,
979 3497 1090 3547 casso
1109 3474 1237 3547 labore

139 3576 332 3675 fatigatus,
357 3601 441 3649 cum
471 3603 546 3650 non
573 3578 778 3674 inveniret,
811 3577 871 3651 ubi
890 3574 1150 3674 requiesceret
1168 3599 1237 3673 pes

139 3677 235 3771 eius,
255 3679 482 3776 pervenitad
500 3679 784 3753 sanctissimum
798 3678 920 3751 virum
931 3677 1238 3771 berenwardum,

138 3779 494 3853 Hildensemensem
515 3780 707 3878 presulem
717 3778 744 3877 ³,
761 3781 966 3853 ostendens
987 3776 1021 3849 ei
1040 3777 1237 3874 angustias

140 4016 202 4069 villa
223 4012 333 4079 Cumin,
354 4033 437 4087 quae,
463 4035 495 4069 ex
515 4034 568 4088 quo
588 4034 658 4071 anno
674 4016 754 4070 1219.
782 4025 930 4071 conventus
949 4014 1042 4086 Campi
1064 4014 1145 4083 Solis,
1165 4031 1237 4067 anno

142 4088 223 4142 1211.
244 4089 384 4150 fundatus,
405 4090 431 4143 in
451 4090 667 4159 commigravit,
687 4092 786 4144 dicitur
803 4087 973 4145 Neuldoster.
1062 4088 1086 4156 l)
1106 4086 1148 4143 Dc
1167 4106 1238 4141 con-

140 4162 265 4216 ventibus
284 4162 311 4215 iu
332 4159 452 4215 Werbeu
472 4162 570 4217 habitio
591 4163 651 4218 vide
670 4161 856 4218 Tbietmarum
870 4161 988 4217 Merseb.
1010 4161 1028 4214 l.
1043 4158 1089 4214 Vl.
1110 4180 1133 4215 c.
1147 4161 1180 4213 21
1203 4164 1237 4215 ad

139 4253 163 4290 a.
187 4234 267 4289 1⁰05.
347 4235 376 4302 2)
395 4253 465 4307 quae
485 4237 528 4288 vix
546 4237 654 4305 praedia
675 4239 789 4291 dixerat.
877 4235 903 4307 ³)
924 4233 981 4289 Clr.
998 4232 1084 4287 Vitam
1105 4234 1133 4289 S.
1148 4233 1239 4288 Rern-

140 4309 225 4363 turdi
245 4326 269 4363 c.
282 4308 337 4373 45,ι
352 4307 453 4364 Annal.
471 4306 597 4365 Hildesh.
616 4328 641 4365 a.
658 4310 736 4364 1022.
778 4364 784 4371 ,
