<?xml version="1.0" encoding="UTF-8"?>
<!DOCTYPE html PUBLIC "-//W3C//DTD XHTML 1.0 Transitional//EN"
    "http://www.w3.org/TR/xhtml1/DTD/xhtml1-transitional.dtd">
<html xmlns="http://www.w3.org/1999/xhtml" xml:lang="en" lang="en">
 <head>
  <title>
</title>
<meta http-equiv="Content-Type" content="text/html;charset=utf-8" />
  <meta name='ocr-system' content='tesseract 3.04.00' />
  <meta name='ocr-capabilities' content='ocr_page ocr_carea ocr_par ocr_line ocrx_word'/>
</head>
<body>
  <div class='ocr_page' id='page_1' title='image "./helmoldipresbyt00pertgoog_0221.png"; bbox 0 0 3000 4900; ppageno 0'>
   <div class='ocr_carea' id='block_1_1' title="bbox 95 500 1187 579">
    <p class='ocr_par' dir='ltr' id='par_1_1' title="bbox 95 500 1187 579">
     <span class='ocr_line' id='line_1_1' title="bbox 95 500 1187 579; baseline 0 -4"><span class='ocrx_word' id='word_1_1' title='bbox 95 501 337 577; x_wconf 78' lang='lat' dir='ltr'>Hutuouol</span> <span class='ocrx_word' id='word_1_2' title='bbox 356 501 596 577; x_wconf 87' lang='lat' dir='ltr'>CHRONlCA</span> <span class='ocrx_word' id='word_1_3' title='bbox 614 501 881 578; x_wconf 85' lang='lat' dir='ltr'>SLAVORUM.</span> <span class='ocrx_word' id='word_1_4' title='bbox 916 500 1001 579; x_wconf 87' lang='lat' dir='ltr'>LlB.</span> <span class='ocrx_word' id='word_1_5' title='bbox 1020 500 1061 575; x_wconf 92' lang='lat' dir='ltr'>ll.</span> <span class='ocrx_word' id='word_1_6' title='bbox 1118 504 1187 578; x_wconf 84' lang='lat'>195</span> 
     </span>
    </p>
   </div>
   <div class='ocr_carea' id='block_1_2' title="bbox 93 702 1277 1407">
    <p class='ocr_par' dir='ltr' id='par_1_2' title="bbox 93 702 1277 1407">
     <span class='ocr_line' id='line_1_2' title="bbox 96 702 1277 802; baseline 0 -27"><span class='ocrx_word' id='word_1_7' title='bbox 96 702 268 776; x_wconf 87' lang='lat' dir='ltr'>dimissus</span> <span class='ocrx_word' id='word_1_8' title='bbox 284 702 362 776; x_wconf 70' lang='lat' dir='ltr'>esti</span> <span class='ocrx_word' id='word_1_9' title='bbox 393 703 471 778; x_wconf 91' lang='lat' dir='ltr'>Hiis</span> <span class='ocrx_word' id='word_1_10' title='bbox 491 703 638 801; x_wconf 83' lang='lat' dir='ltr'>auditis,</span> <span class='ocrx_word' id='word_1_11' title='bbox 661 704 886 778; x_wconf 83' lang='lat' dir='ltr'>Pribizlavus</span> <span class='ocrx_word' id='word_1_12' title='bbox 906 705 1055 802; x_wconf 72' lang='lat' dir='ltr'>collegit</span> <span class='ocrx_word' id='word_1_13' title='bbox 1069 707 1277 777; x_wconf 82' lang='lat' dir='ltr'>laten-1164.</span> 
     </span>
     <span class='ocr_line' id='line_1_3' title="bbox 94 804 1188 904; baseline -0.001 -26"><span class='ocrx_word' id='word_1_14' title='bbox 94 818 153 878; x_wconf 87' lang='lat' dir='ltr'>ter</span> <span class='ocrx_word' id='word_1_15' title='bbox 171 804 376 878; x_wconf 86' lang='lat' dir='ltr'>exercitum</span> <span class='ocrx_word' id='word_1_16' title='bbox 395 805 782 904; x_wconf 86' lang='lat' dir='ltr'>etvenitimprovisus</span> <span class='ocrx_word' id='word_1_17' title='bbox 794 804 1050 903; x_wconf 81' lang='lat' dir='ltr'>lllikilenburg.</span> <span class='ocrx_word' id='word_1_18' title='bbox 1077 805 1188 879; x_wconf 88' lang='lat' dir='ltr'>Hein-</span> 
     </span>
     <span class='ocr_line' id='line_1_4' title="bbox 95 906 1186 1005; baseline 0.001 -27"><span class='ocrx_word' id='word_1_19' title='bbox 95 906 196 981; x_wconf 89' lang='lat' dir='ltr'>ricus</span> <span class='ocrx_word' id='word_1_20' title='bbox 215 915 342 979; x_wconf 87' lang='lat' dir='ltr'>autem</span> <span class='ocrx_word' id='word_1_21' title='bbox 361 909 407 980; x_wconf 91' lang='lat' dir='ltr'>de</span> <span class='ocrx_word' id='word_1_22' title='bbox 426 907 603 1002; x_wconf 83' lang='lat' dir='ltr'>Scatheu,</span> <span class='ocrx_word' id='word_1_23' title='bbox 632 908 821 1005; x_wconf 78' lang='lat' dir='ltr'>prefectus</span> <span class='ocrx_word' id='word_1_24' title='bbox 840 907 966 1003; x_wconf 81' lang='lat' dir='ltr'>castri,</span> <span class='ocrx_word' id='word_1_25' title='bbox 985 916 1072 979; x_wconf 91' lang='lat' dir='ltr'>tunc</span> <span class='ocrx_word' id='word_1_26' title='bbox 1091 908 1186 979; x_wconf 86' lang='lat' dir='ltr'>forte</span> 
     </span>
     <span class='ocr_line' id='line_1_5' title="bbox 95 1006 1187 1107; baseline 0 -28"><span class='ocrx_word' id='word_1_27' title='bbox 95 1006 225 1104; x_wconf 82' lang='lat' dir='ltr'>deluit,</span> <span class='ocrx_word' id='word_1_28' title='bbox 252 1017 290 1079; x_wconf 84' lang='lat' dir='ltr'>et</span> <span class='ocrx_word' id='word_1_29' title='bbox 314 1008 474 1107; x_wconf 91' lang='lat' dir='ltr'>populus</span> <span class='ocrx_word' id='word_1_30' title='bbox 495 1008 556 1106; x_wconf 91' lang='lat' dir='ltr'>qui</span> <span class='ocrx_word' id='word_1_31' title='bbox 583 1008 717 1081; x_wconf 85' lang='lat' dir='ltr'>eratin</span> <span class='ocrx_word' id='word_1_32' title='bbox 738 1017 861 1081; x_wconf 85' lang='lat' dir='ltr'>castro</span> <span class='ocrx_word' id='word_1_33' title='bbox 888 1008 955 1080; x_wconf 85' lang='lat' dir='ltr'>fuit</span> <span class='ocrx_word' id='word_1_34' title='bbox 980 1008 1061 1081; x_wconf 90' lang='lat' dir='ltr'>siue</span> <span class='ocrx_word' id='word_1_35' title='bbox 1090 1008 1187 1106; x_wconf 91' lang='lat' dir='ltr'>prin-</span> 
     </span>
     <span class='ocr_line' id='line_1_6' title="bbox 94 1108 1187 1207; baseline -0.001 -26"><span class='ocrx_word' id='word_1_36' title='bbox 94 1109 190 1206; x_wconf 82' lang='lat' dir='ltr'>cipe.</span> <span class='ocrx_word' id='word_1_37' title='bbox 232 1112 427 1184; x_wconf 86' lang='lat' dir='ltr'>Accedens</span> <span class='ocrx_word' id='word_1_38' title='bbox 454 1109 567 1207; x_wconf 82' lang='lat' dir='ltr'>igitur</span> <span class='ocrx_word' id='word_1_39' title='bbox 591 1109 818 1182; x_wconf 86' lang='lat' dir='ltr'>Pribizlavus</span> <span class='ocrx_word' id='word_1_40' title='bbox 847 1108 898 1182; x_wconf 86' lang='lat' dir='ltr'>ait</span> <span class='ocrx_word' id='word_1_41' title='bbox 924 1110 969 1182; x_wconf 82' lang='lat' dir='ltr'>od</span> <span class='ocrx_word' id='word_1_42' title='bbox 998 1109 1097 1181; x_wconf 91' lang='lat' dir='ltr'>viros</span> <span class='ocrx_word' id='word_1_43' title='bbox 1125 1108 1187 1205; x_wconf 90' lang='lat' dir='ltr'>qui</span> 
     </span>
     <span class='ocr_line' id='line_1_7' title="bbox 95 1208 1187 1306; baseline -0.003 -22"><span class='ocrx_word' id='word_1_44' title='bbox 95 1219 204 1284; x_wconf 86' lang='lat' dir='ltr'>erant</span> <span class='ocrx_word' id='word_1_45' title='bbox 227 1209 264 1281; x_wconf 91' lang='lat' dir='ltr'>in</span> <span class='ocrx_word' id='word_1_46' title='bbox 287 1209 511 1283; x_wconf 89' lang='lat' dir='ltr'>munitione:</span> <span class='ocrx_word' id='word_1_47' title='bbox 547 1208 697 1306; x_wconf 77' lang='lat' dir='ltr'>Mapua,</span> <span class='ocrx_word' id='word_1_48' title='bbox 724 1212 844 1306; x_wconf 83' lang='lat' dir='ltr'>cairi,</span> <span class='ocrx_word' id='word_1_49' title='bbox 872 1217 948 1281; x_wconf 88' lang='lat' dir='ltr'>tum</span> <span class='ocrx_word' id='word_1_50' title='bbox 972 1209 1059 1281; x_wconf 82' lang='lat' dir='ltr'>milri</span> <span class='ocrx_word' id='word_1_51' title='bbox 1076 1232 1187 1306; x_wconf 85' lang='lat' dir='ltr'>quam</span> 
     </span>
     <span class='ocr_line' id='line_1_8' title="bbox 93 1308 1187 1407; baseline 0 -24"><span class='ocrx_word' id='word_1_52' title='bbox 93 1312 193 1406; x_wconf 79' lang='lat' dir='ltr'>penti</span> <span class='ocrx_word' id='word_1_53' title='bbox 216 1334 291 1383; x_wconf 90' lang='lat' dir='ltr'>mee</span> <span class='ocrx_word' id='word_1_54' title='bbox 315 1310 424 1383; x_wconf 85' lang='lat' dir='ltr'>illata</span> <span class='ocrx_word' id='word_1_55' title='bbox 448 1316 503 1384; x_wconf 86' lang='lat' dir='ltr'>est</span> <span class='ocrx_word' id='word_1_56' title='bbox 526 1310 710 1407; x_wconf 87' lang='lat' dir='ltr'>uiolmtia,</span> <span class='ocrx_word' id='word_1_57' title='bbox 737 1313 800 1407; x_wconf 88' lang='lat' dir='ltr'>qui</span> <span class='ocrx_word' id='word_1_58' title='bbox 827 1309 966 1404; x_wconf 81' lang='lat' dir='ltr'>eapulsi</span> <span class='ocrx_word' id='word_1_59' title='bbox 988 1333 1115 1384; x_wconf 91' lang='lat' dir='ltr'>sumus</span> <span class='ocrx_word' id='word_1_60' title='bbox 1142 1308 1187 1383; x_wconf 95' lang='lat' dir='ltr'>de</span> 
     </span>
    </p>
   </div>
   <div class='ocr_carea' id='block_1_3' title="bbox 79 1410 1188 4038">
    <p class='ocr_par' dir='ltr' id='par_1_3' title="bbox 85 1410 1187 3329">
     <span class='ocr_line' id='line_1_9' title="bbox 95 1410 1186 1505; baseline 0 -22"><span class='ocrx_word' id='word_1_61' title='bbox 95 1419 197 1483; x_wconf 84' lang='lat' dir='ltr'>terra</span> <span class='ocrx_word' id='word_1_62' title='bbox 223 1413 430 1487; x_wconf 65' lang='lat' dir='ltr'>naucitatis</span> <span class='ocrx_word' id='word_1_63' title='bbox 460 1418 584 1485; x_wconf 84' lang='lat' dir='ltr'>nostre</span> <span class='ocrx_word' id='word_1_64' title='bbox 609 1418 645 1485; x_wconf 86' lang='lat' dir='ltr'>et</span> <span class='ocrx_word' id='word_1_65' title='bbox 663 1414 805 1505; x_wconf 83' lang='lat' dir='ltr'>priuati</span> <span class='ocrx_word' id='word_1_66' title='bbox 835 1434 960 1485; x_wconf 91' lang='lat' dir='ltr'>sumus</span> <span class='ocrx_word' id='word_1_67' title='bbox 986 1410 1186 1484; x_wconf 82' lang='lat' dir='ltr'>hereditate</span> 
     </span>
     <span class='ocr_line' id='line_1_10' title="bbox 91 1511 1186 1611; baseline -0.001 -28"><span class='ocrx_word' id='word_1_68' title='bbox 91 1519 250 1605; x_wconf 88' lang='lat' dir='ltr'>patrum</span> <span class='ocrx_word' id='word_1_69' title='bbox 261 1521 482 1586; x_wconf 82' lang='lat' dir='ltr'>nostrorum.</span> <span class='ocrx_word' id='word_1_70' title='bbox 520 1513 587 1585; x_wconf 85' lang='lat' dir='ltr'>Vos</span> <span class='ocrx_word' id='word_1_71' title='bbox 606 1535 746 1611; x_wconf 83' lang='lat' dir='ltr'>quoque</span> <span class='ocrx_word' id='word_1_72' title='bbox 763 1513 936 1587; x_wconf 87' lang='lat' dir='ltr'>iniuriam</span> <span class='ocrx_word' id='word_1_73' title='bbox 953 1511 1048 1585; x_wconf 87' lang='lat' dir='ltr'>banc</span> <span class='ocrx_word' id='word_1_74' title='bbox 1063 1534 1186 1584; x_wconf 92' lang='lat' dir='ltr'>cumu-</span> 
     </span>
     <span class='ocr_line' id='line_1_11' title="bbox 97 1612 1186 1710; baseline 0.001 -26"><span class='ocrx_word' id='word_1_75' title='bbox 97 1612 219 1709; x_wconf 85' lang='lat' dir='ltr'>lastis,</span> <span class='ocrx_word' id='word_1_76' title='bbox 238 1615 300 1710; x_wconf 84' lang='lat' dir='ltr'>qai</span> <span class='ocrx_word' id='word_1_77' title='bbox 324 1615 509 1686; x_wconf 79' lang='lat' dir='ltr'><strong><em>invasistis</em></strong></span> <span class='ocrx_word' id='word_1_78' title='bbox 535 1616 708 1688; x_wconf 85' lang='lat' dir='ltr'>terminos</span> <span class='ocrx_word' id='word_1_79' title='bbox 737 1621 884 1689; x_wconf 85' lang='lat' dir='ltr'>nostros</span> <span class='ocrx_word' id='word_1_80' title='bbox 912 1620 948 1686; x_wconf 90' lang='lat' dir='ltr'>et</span> <span class='ocrx_word' id='word_1_81' title='bbox 971 1612 1186 1707; x_wconf 75' lang='lat' dir='ltr'>possedistis</span> 
     </span>
     <span class='ocr_line' id='line_1_12' title="bbox 96 1713 1185 1811; baseline 0.002 -26"><span class='ocrx_word' id='word_1_82' title='bbox 96 1714 202 1786; x_wconf 90' lang='lat' dir='ltr'>urbes</span> <span class='ocrx_word' id='word_1_83' title='bbox 224 1717 386 1811; x_wconf 81' lang='lat' dir='ltr'>etnicos,</span> <span class='ocrx_word' id='word_1_84' title='bbox 411 1717 472 1811; x_wconf 85' lang='lat' dir='ltr'>qui</span> <span class='ocrx_word' id='word_1_85' title='bbox 492 1715 595 1788; x_wconf 91' lang='lat' dir='ltr'>uobis</span> <span class='ocrx_word' id='word_1_86' title='bbox 615 1714 789 1787; x_wconf 80' lang='lat' dir='ltr'>debentur</span> <span class='ocrx_word' id='word_1_87' title='bbox 805 1713 1029 1789; x_wconf 82' lang='lat' dir='ltr'>hereditaria</span> <span class='ocrx_word' id='word_1_88' title='bbox 1045 1737 1185 1787; x_wconf 90' lang='lat' dir='ltr'>succes·</span> 
     </span>
     <span class='ocr_line' id='line_1_13' title="bbox 93 1814 1184 1911; baseline 0 -24"><span class='ocrx_word' id='word_1_89' title='bbox 93 1818 205 1887; x_wconf 90' lang='lat' dir='ltr'>sione.</span> <span class='ocrx_word' id='word_1_90' title='bbox 224 1814 465 1909; x_wconf 88' lang='lat' dir='ltr'>Proponimus</span> <span class='ocrx_word' id='word_1_91' title='bbox 479 1819 589 1911; x_wconf 80' lang='lat' dir='ltr'>ipitur</span> <span class='ocrx_word' id='word_1_92' title='bbox 605 1815 901 1910; x_wconf 87' lang='lat' dir='ltr'>uobis-optionem</span> <span class='ocrx_word' id='word_1_93' title='bbox 913 1818 984 1888; x_wconf 86' lang='lat' dir='ltr'>uite</span> <span class='ocrx_word' id='word_1_94' title='bbox 998 1822 1034 1888; x_wconf 89' lang='lat' dir='ltr'>et</span> <span class='ocrx_word' id='word_1_95' title='bbox 1044 1816 1184 1887; x_wconf 82' lang='lat' dir='ltr'>mortis.</span> 
     </span>
     <span class='ocr_line' id='line_1_14' title="bbox 96 1913 1185 2009; baseline 0 -21"><span class='ocrx_word' id='word_1_96' title='bbox 96 1915 137 1988; x_wconf 87' lang='lat' dir='ltr'>Si</span> <span class='ocrx_word' id='word_1_97' title='bbox 157 1915 343 1989; x_wconf 86' lang='lat' dir='ltr'>volueritis</span> <span class='ocrx_word' id='word_1_98' title='bbox 365 1919 506 2009; x_wconf 87' lang='lat' dir='ltr'>aperire</span> <span class='ocrx_word' id='word_1_99' title='bbox 523 1916 627 1989; x_wconf 90' lang='lat' dir='ltr'>nobis</span> <span class='ocrx_word' id='word_1_100' title='bbox 643 1918 878 1990; x_wconf 86' lang='lat' dir='ltr'>munitionem</span> <span class='ocrx_word' id='word_1_101' title='bbox 896 1922 933 1989; x_wconf 86' lang='lat' dir='ltr'>et</span> <span class='ocrx_word' id='word_1_102' title='bbox 947 1913 1098 1989; x_wconf 81' lang='lat' dir='ltr'>reddere</span> <span class='ocrx_word' id='word_1_103' title='bbox 1116 1924 1185 1988; x_wconf 82' lang='lat' dir='ltr'>ter·</span> 
     </span>
     <span class='ocr_line' id='line_1_15' title="bbox 94 2015 1186 2113; baseline 0.001 -24"><span class='ocrx_word' id='word_1_104' title='bbox 94 2041 179 2089; x_wconf 90' lang='lat' dir='ltr'>ram</span> <span class='ocrx_word' id='word_1_105' title='bbox 195 2017 306 2091; x_wconf 85' lang='lat' dir='ltr'>nobis·</span> <span class='ocrx_word' id='word_1_106' title='bbox 319 2015 489 2112; x_wconf 89' lang='lat' dir='ltr'>debitam,</span> <span class='ocrx_word' id='word_1_107' title='bbox 508 2015 726 2090; x_wconf 79' lang='lat' dir='ltr'>deducemus</span> <span class='ocrx_word' id='word_1_108' title='bbox 743 2042 808 2090; x_wconf 89' lang='lat' dir='ltr'>uos</span> <span class='ocrx_word' id='word_1_109' title='bbox 825 2020 977 2113; x_wconf 76' lang='lat' dir='ltr'>pacifice</span> <span class='ocrx_word' id='word_1_110' title='bbox 996 2041 1078 2090; x_wconf 90' lang='lat' dir='ltr'>cum</span> <span class='ocrx_word' id='word_1_111' title='bbox 1096 2040 1186 2090; x_wconf 81' lang='lat' dir='ltr'>uco-</span> 
     </span>
     <span class='ocr_line' id='line_1_16' title="bbox 97 2116 1185 2216; baseline 0.001 -27"><span class='ocrx_word' id='word_1_112' title='bbox 97 2119 198 2191; x_wconf 82' lang='lat' dir='ltr'>ribus</span> <span class='ocrx_word' id='word_1_113' title='bbox 222 2126 258 2190; x_wconf 89' lang='lat' dir='ltr'>et</span> <span class='ocrx_word' id='word_1_114' title='bbox 272 2118 357 2207; x_wconf 82' lang='lat' dir='ltr'>filiis</span> <span class='ocrx_word' id='word_1_115' title='bbox 383 2127 420 2191; x_wconf 85' lang='lat' dir='ltr'>et</span> <span class='ocrx_word' id='word_1_116' title='bbox 434 2120 603 2191; x_wconf 86' lang='lat' dir='ltr'>universa</span> <span class='ocrx_word' id='word_1_117' title='bbox 620 2118 842 2212; x_wconf 79' lang='lat' dir='ltr'>supellectili.</span> <span class='ocrx_word' id='word_1_118' title='bbox 879 2117 1018 2216; x_wconf 82' lang='lat' dir='ltr'>Siquis</span> <span class='ocrx_word' id='word_1_119' title='bbox 1036 2116 1185 2191; x_wconf 85' lang='lat' dir='ltr'>Sclave-</span> 
     </span>
     <span class='ocr_line' id='line_1_17' title="bbox 100 2218 1185 2317; baseline 0.003 -28"><span class='ocrx_word' id='word_1_120' title='bbox 100 2240 182 2289; x_wconf 80' lang='lat' dir='ltr'>rum</span> <span class='ocrx_word' id='word_1_121' title='bbox 203 2222 389 2317; x_wconf 80' lang='lat' dir='ltr'>quippiam</span> <span class='ocrx_word' id='word_1_122' title='bbox 410 2220 602 2293; x_wconf 83' lang='lat' dir='ltr'>abstulerit</span> <span class='ocrx_word' id='word_1_123' title='bbox 619 2244 744 2294; x_wconf 88' lang='lat' dir='ltr'>eorum</span> <span class='ocrx_word' id='word_1_124' title='bbox 761 2243 829 2317; x_wconf 83' lang='lat' dir='ltr'>que</span> <span class='ocrx_word' id='word_1_125' title='bbox 847 2218 898 2292; x_wconf 92' lang='lat' dir='ltr'>ad</span> <span class='ocrx_word' id='word_1_126' title='bbox 914 2243 980 2293; x_wconf 90' lang='lat' dir='ltr'>uos</span> <span class='ocrx_word' id='word_1_127' title='bbox 991 2222 1185 2315; x_wconf 88' lang='lat' dir='ltr'>pertinent,</span> 
     </span>
     <span class='ocr_line' id='line_1_18' title="bbox 99 2318 1185 2417; baseline 0.003 -26"><span class='ocrx_word' id='word_1_128' title='bbox 99 2343 165 2414; x_wconf 75' lang='lat' dir='ltr'>epo</span> <span class='ocrx_word' id='word_1_129' title='bbox 180 2322 216 2391; x_wconf 91' lang='lat' dir='ltr'>in</span> <span class='ocrx_word' id='word_1_130' title='bbox 226 2320 338 2414; x_wconf 89' lang='lat' dir='ltr'>duplo</span> <span class='ocrx_word' id='word_1_131' title='bbox 354 2323 556 2394; x_wconf 88' lang='lat' dir='ltr'>restituam.</span> <span class='ocrx_word' id='word_1_132' title='bbox 585 2319 724 2410; x_wconf 84' lang='lat' dir='ltr'>Quodsi</span> <span class='ocrx_word' id='word_1_133' title='bbox 732 2318 1065 2417; x_wconf 78' lang='lat' dir='ltr'>uolueritisepredi,</span> <span class='ocrx_word' id='word_1_134' title='bbox 1075 2323 1185 2393; x_wconf 93' lang='lat' dir='ltr'>immo</span> 
     </span>
     <span class='ocr_line' id='line_1_19' title="bbox 95 2420 1186 2520; baseline 0.002 -28"><span class='ocrx_word' id='word_1_135' title='bbox 95 2420 221 2493; x_wconf 86' lang='lat' dir='ltr'>urbem</span> <span class='ocrx_word' id='word_1_136' title='bbox 245 2421 342 2499; x_wconf 84' lang='lat' dir='ltr'>banc</span> <span class='ocrx_word' id='word_1_137' title='bbox 359 2425 598 2516; x_wconf 84' lang='lat' dir='ltr'>pertinaciter</span> <span class='ocrx_word' id='word_1_138' title='bbox 615 2420 819 2520; x_wconf 74' lang='lat' dir='ltr'>defendere,</span> <span class='ocrx_word' id='word_1_139' title='bbox 842 2424 924 2496; x_wconf 83' lang='lat' dir='ltr'>iuro</span> <span class='ocrx_word' id='word_1_140' title='bbox 949 2421 1062 2518; x_wconf 86' lang='lat' dir='ltr'>vobis,</span> <span class='ocrx_word' id='word_1_141' title='bbox 1087 2424 1186 2519; x_wconf 82' lang='lat' dir='ltr'>quia,</span> 
     </span>
     <span class='ocr_line' id='line_1_20' title="bbox 95 2522 1187 2619; baseline 0 -25"><span class='ocrx_word' id='word_1_142' title='bbox 95 2524 128 2594; x_wconf 91' lang='lat' dir='ltr'>si</span> <span class='ocrx_word' id='word_1_143' title='bbox 144 2524 281 2611; x_wconf 79' lang='lat' dir='ltr'>fauerit</span> <span class='ocrx_word' id='word_1_144' title='bbox 303 2524 408 2596; x_wconf 87' lang='lat' dir='ltr'>uobis</span> <span class='ocrx_word' id='word_1_145' title='bbox 424 2523 522 2596; x_wconf 89' lang='lat' dir='ltr'>Deus</span> <span class='ocrx_word' id='word_1_146' title='bbox 547 2530 583 2597; x_wconf 84' lang='lat' dir='ltr'>et</span> <span class='ocrx_word' id='word_1_147' title='bbox 603 2526 771 2619; x_wconf 87' lang='lat' dir='ltr'>victoria,</span> <span class='ocrx_word' id='word_1_148' title='bbox 796 2548 919 2597; x_wconf 89' lang='lat' dir='ltr'>omues</span> <span class='ocrx_word' id='word_1_149' title='bbox 935 2546 1001 2596; x_wconf 86' lang='lat' dir='ltr'>uos</span> <span class='ocrx_word' id='word_1_150' title='bbox 1020 2522 1187 2614; x_wconf 83' lang='lat' dir='ltr'><strong><em>occidam</em></strong></span> 
     </span>
     <span class='ocr_line' id='line_1_21' title="bbox 91 2623 1186 2722; baseline 0 -27"><span class='ocrx_word' id='word_1_151' title='bbox 91 2626 130 2697; x_wconf 87' lang='lat' dir='ltr'>in</span> <span class='ocrx_word' id='word_1_152' title='bbox 154 2648 218 2697; x_wconf 89' lang='lat' dir='ltr'>ore</span> <span class='ocrx_word' id='word_1_153' title='bbox 239 2623 367 2720; x_wconf 82' lang='lat' dir='ltr'>pladii.</span> <span class='ocrx_word' id='word_1_154' title='bbox 403 2628 456 2699; x_wconf 86' lang='lat' dir='ltr'>Ad</span> <span class='ocrx_word' id='word_1_155' title='bbox 480 2626 551 2698; x_wconf 91' lang='lat' dir='ltr'>heo</span> <span class='ocrx_word' id='word_1_156' title='bbox 577 2630 691 2699; x_wconf 89' lang='lat' dir='ltr'>verba</span> <span class='ocrx_word' id='word_1_157' title='bbox 715 2623 920 2722; x_wconf 84' lang='lat' dir='ltr'>Flamingi¹</span> <span class='ocrx_word' id='word_1_158' title='bbox 955 2624 1076 2696; x_wconf 84' lang='lat' dir='ltr'>iacula</span> <span class='ocrx_word' id='word_1_159' title='bbox 1103 2623 1186 2696; x_wconf 86' lang='lat' dir='ltr'>diri·</span> 
     </span>
     <span class='ocr_line' id='line_1_22' title="bbox 89 2724 1187 2841; baseline -0.002 -43"><span class='ocrx_word' id='word_1_160' title='bbox 89 2749 186 2822; x_wconf 84' lang='lat' dir='ltr'>gere</span> <span class='ocrx_word' id='word_1_161' title='bbox 207 2736 245 2799; x_wconf 88' lang='lat' dir='ltr'>et</span> <span class='ocrx_word' id='word_1_162' title='bbox 263 2727 417 2799; x_wconf 83' lang='lat' dir='ltr'>vulnera</span> <span class='ocrx_word' id='word_1_163' title='bbox 432 2724 601 2824; x_wconf 82' lang='lat' dir='ltr'>infligere</span> <span class='ocrx_word' id='word_1_164' title='bbox 617 2737 809 2841; x_wconf 80' lang='lat' dir='ltr'>ceperunt.</span> <span class='ocrx_word' id='word_1_165' title='bbox 785 2725 1084 2800; x_wconf 90' lang='lat' dir='ltr'>tSclavorum</span> <span class='ocrx_word' id='word_1_166' title='bbox 1076 2725 1187 2821; x_wconf 79' lang='lat' dir='ltr'>igitur</span> 
     </span>
     <span class='ocr_line' id='line_1_23' title="bbox 90 2826 1186 2925; baseline -0.001 -26"><span class='ocrx_word' id='word_1_167' title='bbox 90 2826 282 2900; x_wconf 90' lang='lat' dir='ltr'>exercitus</span> <span class='ocrx_word' id='word_1_168' title='bbox 302 2827 390 2900; x_wconf 91' lang='lat' dir='ltr'>viris</span> <span class='ocrx_word' id='word_1_169' title='bbox 417 2839 454 2900; x_wconf 91' lang='lat' dir='ltr'>et</span> <span class='ocrx_word' id='word_1_170' title='bbox 480 2827 593 2900; x_wconf 84' lang='lat' dir='ltr'>armis</span> <span class='ocrx_word' id='word_1_171' title='bbox 614 2828 801 2925; x_wconf 86' lang='lat' dir='ltr'>potentior</span> <span class='ocrx_word' id='word_1_172' title='bbox 822 2826 1039 2900; x_wconf 88' lang='lat' dir='ltr'>vehementi</span> <span class='ocrx_word' id='word_1_173' title='bbox 1057 2850 1186 2924; x_wconf 82' lang='lat' dir='ltr'>pugna</span> 
     </span>
     <span class='ocr_line' id='line_1_24' title="bbox 86 2925 1185 3042; baseline -0.001 -44"><span class='ocrx_word' id='word_1_174' title='bbox 86 2927 226 3042; x_wconf 87' lang='lat' dir='ltr'>irrupit</span> <span class='ocrx_word' id='word_1_175' title='bbox 243 2929 489 3004; x_wconf 86' lang='lat' dir='ltr'>munitionem</span> <span class='ocrx_word' id='word_1_176' title='bbox 516 2938 554 3001; x_wconf 93' lang='lat' dir='ltr'>et</span> <span class='ocrx_word' id='word_1_177' title='bbox 571 2928 787 3001; x_wconf 84' lang='lat' dir='ltr'>occiderunt</span> <span class='ocrx_word' id='word_1_178' title='bbox 804 2953 916 3002; x_wconf 90' lang='lat' dir='ltr'>omne</span> <span class='ocrx_word' id='word_1_179' title='bbox 936 2925 1185 3000; x_wconf 86' lang='lat' dir='ltr'>masculinum</span> 
     </span>
     <span class='ocr_line' id='line_1_25' title="bbox 85 3027 1187 3128; baseline -0.001 -28"><span class='ocrx_word' id='word_1_180' title='bbox 85 3029 126 3101; x_wconf 92' lang='lat' dir='ltr'>in</span> <span class='ocrx_word' id='word_1_181' title='bbox 159 3053 215 3102; x_wconf 87' lang='lat' dir='ltr'>ea.</span> <span class='ocrx_word' id='word_1_182' title='bbox 260 3030 340 3101; x_wconf 90' lang='lat' dir='ltr'>Non</span> <span class='ocrx_word' id='word_1_183' title='bbox 367 3030 597 3128; x_wconf 85' lang='lat' dir='ltr'>reliquerunt</span> <span class='ocrx_word' id='word_1_184' title='bbox 629 3032 674 3102; x_wconf 90' lang='lat' dir='ltr'>de</span> <span class='ocrx_word' id='word_1_185' title='bbox 702 3029 840 3128; x_wconf 94' lang='lat' dir='ltr'>populo</span> <span class='ocrx_word' id='word_1_186' title='bbox 867 3029 1099 3102; x_wconf 83' lang='lat' dir='ltr'>advenarum</span> <span class='ocrx_word' id='word_1_187' title='bbox 1126 3027 1187 3099; x_wconf 86' lang='lat' dir='ltr'>vel</span> 
     </span>
     <span class='ocr_line' id='line_1_26' title="bbox 86 3127 1187 3230; baseline -0.001 -29"><span class='ocrx_word' id='word_1_188' title='bbox 86 3153 231 3225; x_wconf 76' lang='lat' dir='ltr'>unum3</span> <span class='ocrx_word' id='word_1_189' title='bbox 257 3154 392 3203; x_wconf 88' lang='lat' dir='ltr'>uxores</span> <span class='ocrx_word' id='word_1_190' title='bbox 412 3143 450 3204; x_wconf 92' lang='lat' dir='ltr'>et</span> <span class='ocrx_word' id='word_1_191' title='bbox 468 3131 644 3230; x_wconf 85' lang='lat' dir='ltr'>parvulos</span> <span class='ocrx_word' id='word_1_192' title='bbox 664 3155 794 3204; x_wconf 90' lang='lat' dir='ltr'>eorum</span> <span class='ocrx_word' id='word_1_193' title='bbox 814 3130 1025 3203; x_wconf 87' lang='lat' dir='ltr'>duxerunt</span> <span class='ocrx_word' id='word_1_194' title='bbox 1015 3155 1050 3201; x_wconf 94' lang='lat' dir='ltr'>m</span> <span class='ocrx_word' id='word_1_195' title='bbox 1072 3127 1187 3228; x_wconf 84' lang='lat' dir='ltr'>capti</span> 
     </span>
     <span class='ocr_line' id='line_1_27' title="bbox 87 3229 927 3329; baseline 0.001 -26"><span class='ocrx_word' id='word_1_196' title='bbox 87 3229 276 3303; x_wconf 83' lang='lat' dir='ltr'>vitatem²</span> <span class='ocrx_word' id='word_1_197' title='bbox 295 3243 332 3303; x_wconf 85' lang='lat' dir='ltr'>et</span> <span class='ocrx_word' id='word_1_198' title='bbox 350 3235 625 3304; x_wconf 89' lang='lat' dir='ltr'>succenderunt</span> <span class='ocrx_word' id='word_1_199' title='bbox 644 3243 808 3304; x_wconf 84' lang='lat' dir='ltr'>castrum</span> <span class='ocrx_word' id='word_1_200' title='bbox 828 3231 927 3329; x_wconf 82' lang='lat' dir='ltr'>igne.</span> 
     </span>
    </p>

    <p class='ocr_par' dir='ltr' id='par_1_4' title="bbox 79 3331 1188 4038">
     <span class='ocr_line' id='line_1_28' title="bbox 173 3331 1186 3406; baseline -0.002 -2"><span class='ocrx_word' id='word_1_201' title='bbox 173 3331 260 3404; x_wconf 86' lang='lat' dir='ltr'>Post</span> <span class='ocrx_word' id='word_1_202' title='bbox 281 3333 352 3405; x_wconf 89' lang='lat' dir='ltr'>hec</span> <span class='ocrx_word' id='word_1_203' title='bbox 372 3343 636 3406; x_wconf 88' lang='lat' dir='ltr'>converterunt</span> <span class='ocrx_word' id='word_1_204' title='bbox 660 3332 796 3405; x_wconf 85' lang='lat' dir='ltr'>faciem</span> <span class='ocrx_word' id='word_1_205' title='bbox 821 3357 930 3405; x_wconf 85' lang='lat' dir='ltr'>suam</span> <span class='ocrx_word' id='word_1_206' title='bbox 952 3334 997 3403; x_wconf 88' lang='lat' dir='ltr'>ad</span> <span class='ocrx_word' id='word_1_207' title='bbox 1021 3341 1186 3404; x_wconf 86' lang='lat' dir='ltr'>castrum</span> 
     </span>
     <span class='ocr_line' id='line_1_29' title="bbox 82 3431 1187 3529; baseline -0.003 -24"><span class='ocrx_word' id='word_1_208' title='bbox 82 3433 237 3529; x_wconf 90' lang='lat' dir='ltr'>Ylowe,</span> <span class='ocrx_word' id='word_1_209' title='bbox 256 3443 296 3504; x_wconf 90' lang='lat' dir='ltr'>ot</span> <span class='ocrx_word' id='word_1_210' title='bbox 314 3434 551 3507; x_wconf 87' lang='lat' dir='ltr'>destruerent</span> <span class='ocrx_word' id='word_1_211' title='bbox 563 3433 662 3505; x_wconf 90' lang='lat' dir='ltr'>illud.</span> <span class='ocrx_word' id='word_1_212' title='bbox 691 3432 802 3505; x_wconf 82' lang='lat' dir='ltr'>Porro</span> <span class='ocrx_word' id='word_1_213' title='bbox 817 3432 1061 3527; x_wconf 89' lang='lat' dir='ltr'>Guncelinus,</span> <span class='ocrx_word' id='word_1_214' title='bbox 1076 3431 1187 3504; x_wconf 84' lang='lat' dir='ltr'>satel-</span> 
     </span>
     <span class='ocr_line' id='line_1_30' title="bbox 81 3532 1188 3633; baseline -0.004 -25"><span class='ocrx_word' id='word_1_215' title='bbox 81 3535 150 3608; x_wconf 87' lang='lat' dir='ltr'>les</span> <span class='ocrx_word' id='word_1_216' title='bbox 173 3533 276 3607; x_wconf 81' lang='lat' dir='ltr'>ducis</span> <span class='ocrx_word' id='word_1_217' title='bbox 294 3544 331 3607; x_wconf 93' lang='lat' dir='ltr'>et</span> <span class='ocrx_word' id='word_1_218' title='bbox 343 3535 533 3633; x_wconf 86' lang='lat' dir='ltr'>prefectus</span> <span class='ocrx_word' id='word_1_219' title='bbox 545 3544 645 3606; x_wconf 86' lang='lat' dir='ltr'>terre</span> <span class='ocrx_word' id='word_1_220' title='bbox 659 3534 926 3629; x_wconf 87' lang='lat' dir='ltr'>Obotritorum,</span> <span class='ocrx_word' id='word_1_221' title='bbox 947 3532 1103 3605; x_wconf 84' lang='lat' dir='ltr'>audiens</span> <span class='ocrx_word' id='word_1_222' title='bbox 1119 3555 1188 3630; x_wconf 89' lang='lat' dir='ltr'>per</span> 
     </span>
     <span class='ocr_line' id='line_1_31' title="bbox 82 3635 1186 3749; baseline -0.005 -40"><span class='ocrx_word' id='word_1_223' title='bbox 82 3635 373 3749; x_wconf 81' lang='lat' dir='ltr'>exploratorum</span> <span class='ocrx_word' id='word_1_224' title='bbox 395 3635 562 3732; x_wconf 67' lang='lat' dir='ltr'>mauusi,</span> <span class='ocrx_word' id='word_1_225' title='bbox 582 3635 707 3708; x_wconf 85' lang='lat' dir='ltr'>exisse</span> <span class='ocrx_word' id='word_1_226' title='bbox 725 3635 894 3708; x_wconf 82' lang='lat' dir='ltr'>Sclavos.</span> <span class='ocrx_word' id='word_1_227' title='bbox 888 3635 1082 3748; x_wconf 80' lang='lat' dir='ltr'>preierat</span> <span class='ocrx_word' id='word_1_228' title='bbox 1101 3657 1186 3704; x_wconf 89' lang='lat' dir='ltr'>cum</span> 
     </span>
     <span class='ocr_line' id='line_1_32' title="bbox 80 3734 1187 3837; baseline -0.003 -28"><span class='ocrx_word' id='word_1_229' title='bbox 80 3735 225 3837; x_wconf 86' lang='lat' dir='ltr'>paucis</span> <span class='ocrx_word' id='word_1_230' title='bbox 253 3736 429 3810; x_wconf 88' lang='lat' dir='ltr'>militibus</span> <span class='ocrx_word' id='word_1_231' title='bbox 447 3738 588 3832; x_wconf 88' lang='lat' dir='ltr'>Ylowe,</span> <span class='ocrx_word' id='word_1_232' title='bbox 614 3746 654 3808; x_wconf 90' lang='lat' dir='ltr'>ut</span> <span class='ocrx_word' id='word_1_233' title='bbox 676 3734 785 3809; x_wconf 84' lang='lat' dir='ltr'>fieret</span> <span class='ocrx_word' id='word_1_234' title='bbox 803 3735 883 3809; x_wconf 85' lang='lat' dir='ltr'>urbi</span> <span class='ocrx_word' id='word_1_235' title='bbox 901 3734 1074 3833; x_wconf 89' lang='lat' dir='ltr'>presidio.</span> <span class='ocrx_word' id='word_1_236' title='bbox 1117 3737 1187 3807; x_wconf 85' lang='lat' dir='ltr'>Va·</span> 
     </span>
     <span class='ocr_line' id='line_1_33' title="bbox 79 3835 1188 3935; baseline -0.005 -23"><span class='ocrx_word' id='word_1_237' title='bbox 79 3845 194 3912; x_wconf 84' lang='lat' dir='ltr'>stata</span> <span class='ocrx_word' id='word_1_238' title='bbox 213 3861 304 3934; x_wconf 82' lang='lat' dir='ltr'>ergo</span> <span class='ocrx_word' id='word_1_239' title='bbox 323 3837 596 3935; x_wconf 80' lang='lat' dir='ltr'>Mikelenburg,</span> <span class='ocrx_word' id='word_1_240' title='bbox 614 3837 839 3912; x_wconf 84' lang='lat' dir='ltr'>Pribizlavus</span> <span class='ocrx_word' id='word_1_241' title='bbox 858 3835 1064 3909; x_wconf 82' lang='lat' dir='ltr'>antecessit</span> <span class='ocrx_word' id='word_1_242' title='bbox 1083 3859 1188 3910; x_wconf 87' lang='lat' dir='ltr'>exer·</span> 
     </span>
     <span class='ocr_line' id='line_1_34' title="bbox 79 3915 1186 4038; baseline -0.005 -25"><span class='ocrx_word' id='word_1_243' title='bbox 79 3940 211 4013; x_wconf 88' lang='lat' dir='ltr'>citum</span> <span class='ocrx_word' id='word_1_244' title='bbox 231 3961 315 4011; x_wconf 86' lang='lat' dir='ltr'>curu</span> <span class='ocrx_word' id='word_1_245' title='bbox 341 3939 570 4036; x_wconf 77' lang='lat' dir='ltr'>fortissimis,</span> <span class='ocrx_word' id='word_1_246' title='bbox 589 3947 630 4011; x_wconf 92' lang='lat' dir='ltr'>ut</span> <span class='ocrx_word' id='word_1_247' title='bbox 649 3947 921 4038; x_wconf 87' lang='lat' dir='ltr'>preoccuparet</span> <span class='ocrx_word' id='word_1_248' title='bbox 940 3915 1186 4031; x_wconf 76' lang='lat' dir='ltr'>obsidionem‘,</span> 
     </span>
    </p>
   </div>
   <div class='ocr_carea' id='block_1_4' title="bbox 75 4143 1188 4440">
    <p class='ocr_par' dir='ltr' id='par_1_5' title="bbox 75 4143 1188 4440">
     <span class='ocr_line' id='line_1_35' title="bbox 79 4143 1186 4233; baseline -0.005 -31"><span class='ocrx_word' id='word_1_249' title='bbox 79 4147 112 4218; x_wconf 88' lang='lat'>1)</span> <span class='ocrx_word' id='word_1_250' title='bbox 139 4143 178 4200; x_wconf 86' lang='lat' dir='ltr'>V.</span> <span class='ocrx_word' id='word_1_251' title='bbox 197 4147 314 4233; x_wconf 78' lang='lat' dir='ltr'>supral.</span> <span class='ocrx_word' id='word_1_252' title='bbox 333 4146 356 4204; x_wconf 93' lang='lat'>1.</span> <span class='ocrx_word' id='word_1_253' title='bbox 372 4166 431 4218; x_wconf 82' lang='lat' dir='ltr'>cap.</span> <span class='ocrx_word' id='word_1_254' title='bbox 448 4147 494 4203; x_wconf 86' lang='grc'>87</span> <span class='ocrx_word' id='word_1_255' title='bbox 575 4147 604 4217; x_wconf 76' lang='lat'>2)</span> <span class='ocrx_word' id='word_1_256' title='bbox 623 4144 702 4202; x_wconf 83' lang='lat' dir='ltr'>Conl</span> <span class='ocrx_word' id='word_1_257' title='bbox 721 4147 794 4204; x_wconf 77' lang='lat' dir='ltr'>Anu.</span> <span class='ocrx_word' id='word_1_258' title='bbox 815 4145 901 4202; x_wconf 84' lang='lat' dir='ltr'>Pslid.</span> <span class='ocrx_word' id='word_1_259' title='bbox 921 4157 947 4200; x_wconf 84' lang='lat' dir='ltr'>et</span> <span class='ocrx_word' id='word_1_260' title='bbox 965 4145 1142 4218; x_wconf 73' lang='lat' dir='ltr'>Magdeburg.</span> <span class='ocrx_word' id='word_1_261' title='bbox 1162 4161 1186 4197; x_wconf 77' lang='lat' dir='ltr'>a.</span> 
     </span>
     <span class='ocr_line' id='line_1_36' title="bbox 80 4217 1188 4292; baseline -0.005 -17"><span class='ocrx_word' id='word_1_262' title='bbox 80 4217 179 4283; x_wconf 80' lang='lat'>1164,</span> <span class='ocrx_word' id='word_1_263' title='bbox 198 4221 243 4291; x_wconf 88' lang='lat' dir='ltr'>qui</span> <span class='ocrx_word' id='word_1_264' title='bbox 264 4221 419 4274; x_wconf 81' lang='lat' dir='ltr'>brevissime</span> <span class='ocrx_word' id='word_1_265' title='bbox 439 4223 543 4275; x_wconf 77' lang='lat' dir='ltr'>lacinus</span> <span class='ocrx_word' id='word_1_266' title='bbox 558 4231 736 4275; x_wconf 73' lang='lat' dir='ltr'>memorantes</span> <span class='ocrx_word' id='word_1_267' title='bbox 757 4220 863 4292; x_wconf 85' lang='lat' dir='ltr'>utrique</span> <span class='ocrx_word' id='word_1_268' title='bbox 881 4221 941 4291; x_wconf 85' lang='lat' dir='ltr'>ipso</span> <span class='ocrx_word' id='word_1_269' title='bbox 961 4220 1013 4286; x_wconf 85' lang='lat' dir='ltr'>die,</span> <span class='ocrx_word' id='word_1_270' title='bbox 1034 4236 1087 4290; x_wconf 86' lang='lat' dir='ltr'>quo</span> <span class='ocrx_word' id='word_1_271' title='bbox 1103 4219 1188 4272; x_wconf 86' lang='lat' dir='ltr'>iuun-</span> 
     </span>
     <span class='ocr_line' id='line_1_37' title="bbox 77 4292 1188 4365; baseline -0.003 -16"><span class='ocrx_word' id='word_1_272' title='bbox 77 4292 173 4349; x_wconf 73' lang='lat' dir='ltr'>dario</span> <span class='ocrx_word' id='word_1_273' title='bbox 191 4310 331 4365; x_wconf 78' lang='lat' dir='ltr'>aquarum,</span> <span class='ocrx_word' id='word_1_274' title='bbox 353 4295 380 4347; x_wconf 89' lang='lat' dir='ltr'>id</span> <span class='ocrx_word' id='word_1_275' title='bbox 400 4304 581 4365; x_wconf 76' lang='lat' dir='ltr'>perpetratum</span> <span class='ocrx_word' id='word_1_276' title='bbox 600 4312 658 4348; x_wconf 81' lang='lat' dir='ltr'>esse</span> <span class='ocrx_word' id='word_1_277' title='bbox 677 4296 788 4348; x_wconf 78' lang='lat' dir='ltr'>addunt</span> <span class='ocrx_word' id='word_1_278' title='bbox 825 4293 981 4349; x_wconf 84' lang='lat' dir='ltr'>incendium</span> <span class='ocrx_word' id='word_1_279' title='bbox 1002 4292 1115 4347; x_wconf 72' lang='lat' dir='ltr'>civitatis</span> <span class='ocrx_word' id='word_1_280' title='bbox 1133 4310 1188 4346; x_wconf 85' lang='lat' dir='ltr'>nou</span> 
     </span>
     <span class='ocr_line' id='line_1_38' title="bbox 75 4365 933 4440; baseline -0.007 -16"><span class='ocrx_word' id='word_1_281' title='bbox 75 4367 226 4424; x_wconf 75' lang='lat' dir='ltr'>referunt</span> <span class='ocrx_word' id='word_1_282' title='bbox 300 4367 327 4439; x_wconf 83' lang='lat'>³)</span> <span class='ocrx_word' id='word_1_283' title='bbox 346 4366 380 4422; x_wconf 87' lang='lat' dir='ltr'>V.</span> <span class='ocrx_word' id='word_1_284' title='bbox 400 4368 518 4439; x_wconf 83' lang='lat' dir='ltr'>supral.</span> <span class='ocrx_word' id='word_1_285' title='bbox 537 4366 560 4424; x_wconf 90' lang='lat' dir='ltr'>l.</span> <span class='ocrx_word' id='word_1_286' title='bbox 579 4386 637 4440; x_wconf 76' lang='lat' dir='ltr'>cap.</span> <span class='ocrx_word' id='word_1_287' title='bbox 657 4367 701 4423; x_wconf 81' lang='lat'>92.</span> <span class='ocrx_word' id='word_1_288' title='bbox 720 4386 747 4440; x_wconf 91' lang='lat' dir='ltr'>p.</span> <span class='ocrx_word' id='word_1_289' title='bbox 763 4365 815 4421; x_wconf 87' lang='grc'>188</span> <span class='ocrx_word' id='word_1_290' title='bbox 835 4377 890 4423; x_wconf 91' lang='lat' dir='ltr'>uot.</span> <span class='ocrx_word' id='word_1_291' title='bbox 908 4366 933 4420; x_wconf 90' lang='lat'>1.</span> 
     </span>
    </p>
   </div>
   <div class='ocr_carea' id='block_1_5' title="bbox 832 4442 957 4516">
    <p class='ocr_par' dir='ltr' id='par_1_6' title="bbox 832 4442 957 4516">
     <span class='ocr_line' id='line_1_39' title="bbox 832 4442 957 4516; baseline 0 0"><span class='ocrx_word' id='word_1_292' title='bbox 832 4442 957 4516; x_wconf 85' lang='lat'>13</span> 
     </span>
    </p>
   </div>
   <div class='ocr_carea' id='block_1_6' title="bbox 0 0 1504 4900">
    <p class='ocr_par' dir='ltr' id='par_1_7' title="bbox 0 0 1504 4900">
     <span class='ocr_line' id='line_1_40' title="bbox 0 0 1504 4900; baseline 0 5"><span class='ocrx_word' id='word_1_293' title='bbox 0 0 1504 4900; x_wconf 95' lang='lat' dir='ltr'> </span> 
     </span>
    </p>
   </div>
  </div>
 </body>
</html>
