3000 4900
285 456 359 531 148
408 452 654 531 nubuouol
673 456 914 553 canutum
932 460 1207 573 SLAVORUM.
1234 463 1359 537 LlB..l

283 660 430 735 scilicet
445 659 750 757 incomparabilis
770 660 957 757 facundie,
976 661 1172 735 doctorem
1191 686 1385 780 magnum,

282 764 552 835 exuberantem
577 763 692 833 verbo
719 780 828 832 sacre
858 761 1133 837 exhortationis
1160 773 1199 835 et
1215 764 1385 839 veritatis
1495 768 1496 815 ἕ

281 859 516 956 defensione,
544 858 666 933 subito
685 859 814 957 lingua
832 860 1091 959 membrisque
1109 864 1329 938 destitutum
1349 876 1386 940 et

280 986 350 1060 per
382 961 507 1035 omnia
545 962 687 1033 factum
712 960 896 1037 inutilem.
941 961 1065 1049 Quam
1090 963 1245 1037 dissone
1273 965 1386 1063 igitur

279 1062 421 1135 fuerint
437 1062 664 1160 populorum
682 1061 883 1159 sententie,
902 1086 1016 1158 quam
1030 1064 1235 1137 temeraria
1250 1067 1388 1139 multo*

280 1188 365 1236 rum
382 1187 458 1236 non
474 1162 598 1235 minus
618 1162 753 1234 indicia
768 1162 1047 1260 religiosorum,
1061 1164 1167 1277 piget
1180 1164 1385 1263 reminisci,

281 1267 421 1337 nedum
440 1262 565 1336 verbis
584 1262 773 1361 prosequi.
801 1264 984 1336 Dicebant
987 1288 1105 1361 qnia
1117 1266 1302 1338 Dominus
1322 1270 1384 1339 de-

280 1364 430 1463 reliquit
444 1387 545 1459 eum,
564 1388 634 1435 nec
649 1362 894 1439 intendebant
879 1363 1093 1461 tscripture
1108 1366 1263 1438 dicenti:
1290 1366 1383 1439 Beu-

281 1472 341 1547 tus
364 1466 427 1561 qui
445 1466 643 1557 corripitur
660 1488 684 1535 u
701 1461 895 1536 Domino1.
940 1464 1127 1537 Dolebant
1145 1476 1273 1539 autem
1292 1467 1384 1541 irre·

280 1563 468 1637 mediabili
496 1562 702 1636 afflictione
725 1587 863 1637 omnes
888 1564 952 1661 qui
978 1575 1085 1639 erant
1112 1565 1148 1637 in
1169 1566 1326 1639 Faldera
1346 1578 1384 1643 et

280 1664 471 1751 Cuzelina
496 1664 661 1735 maxime
688 1688 779 1737 vero
806 1664 856 1736 hii
885 1664 946 1761 qui
972 1665 1009 1737 in
1035 1666 1106 1738 lias
1122 1676 1244 1739 terras
1273 1668 1383 1763 primi
1495 1738 1496 1759 p

281 1790 367 1837 cum
381 1772 432 1836 'eo
452 1774 648 1861 venerant,
672 1775 710 1837 et
729 1776 1008 1837 consenuerant
1027 1790 1112 1837 cum
1133 1792 1181 1839 eo
1203 1772 1273 1841 sub
1291 1793 1384 1866 pon·

279 1869 369 1939 dere
395 1866 467 1938 diei
488 1876 525 1938 et
544 1864 682 1938 esrus2.
724 1866 979 1940 Adhibebatur
1006 1877 1133 1939 autem
1153 1879 1283 1964 egroto
1304 1893 1383 1943 me·
1495 1880 1496 1929 t

279 1965 447 2040 dicorum
468 1990 597 2063 opera,
624 1965 800 2038 inefficax
823 1976 970 2079 tamen,
997 1967 1218 2065 providente
1239 1968 1384 2043 scilicet
1495 2012 1496 2015 =

279 2067 470 2140 divinitate
495 2066 653 2138 meliora
672 2070 718 2140 de
738 2090 783 2139 eo
805 2076 842 2139 et
859 2066 1039 2138 viciniora
1060 2067 1181 2141 saluti.
1221 2067 1383 2141 Dissolvi
1495 2068 1496 2163 ᾗ

278 2170 374 2239 enim
390 2174 426 2239 et
436 2190 512 2239 esse
525 2190 608 2239 cum
623 2164 894 2239 tartaronum
909 2166 1068 2239 ιιιιῐιιιιθ.
1100 2169 1278 2242 Duobus
1268 2170 1383 2268 igitur

279 2268 390 2341 annis
421 2278 458 2340 et
486 2267 637 2340 dimidio
663 2277 838 2341 versatus
869 2279 927 2340 est
955 2268 991 2339 in
1019 2268 1118 2341 lecto
1145 2270 1381 2367 egritudinis,

279 2393 349 2442 nec
375 2372 511 2441 sedere
534 2369 981 2441 neoiacerecontentus.
1002 2370 1226 2443 Curabatur
1252 2381 1380 2443 autem
1495 2434 1496 2466 .

276 2470 504 2568 propensius
524 2470 681 2543 fratrum
704 2468 910 2567 diligentia,
937 2470 1173 2568 prebentium
1195 2472 1229 2544 ei
1248 2495 1381 2545 neces

277 2571 376 2643 saria
415 2571 581 2668 corporis
615 2581 652 2642 et
687 2573 732 2644 ad
767 2570 969 2642 ecclesiam
996 2595 1083 2644 eum
1117 2572 1380 2645 deferentium.
1495 2577 1496 2658 ζ

277 2671 475 2768 Nunquam
504 2670 604 2742 enim
630 2674 833 2744 missarum
863 2671 1099 2768 sollempniis
1124 2673 1185 2744 vel
1214 2697 1382 2746 eommu-

278 2771 379 2843 nioni
408 2795 517 2844 sacre
542 2775 680 2844 abesse
707 2771 835 2867 voluit7
862 2771 934 2844 nisi
961 2772 1057 2844 torte
1077 2770 1276 2846 infirmitas
1293 2797 1381 2870 gra·
1495 2790 1496 2846 t

275 2872 358 2944 vior
383 2872 601 2946 obstitisset.
643 2872 773 2944 Tantis
792 2873 914 2944 Deum
938 2873 1140 2969 gemitibus
1167 2885 1204 2945 et
1229 2873 1379 2946 interno
1495 2857 1496 2928 l

159 2978 161 2984 '
276 2973 398 3046 cordis
414 2973 579 3045 clamore
596 2972 860 3070 compellabat,
874 2983 915 3045 ut
930 2972 1159 3070 aspicientes
1175 2974 1237 3046 vix
1252 2998 1273 3047 a
1286 2972 1379 3046 ttetu
1495 3001 1496 3024 ι

274 3073 581 3172 temperaverint.
598 3073 905 3146 =Gubernabateo
920 3083 1092 3170 tempore
1108 3076 1261 3146 domum
1276 3076 1380 3172 prior

276 3174 445 3247 eiusdem
466 3173 551 3262 loci,
571 3171 797 3246 venera-bilis
817 3175 936 3271 Eppo,
956 3174 1013 3246 vir
1030 3174 1158 3270 magni
1174 3174 1213 3246 in
1227 3173 1378 3249 Christo

274 3274 409 3347 meriti.
438 3274 552 3346 Porro
568 3273 786 3348 Cuzelinam
812 3283 849 3346 et
868 3275 1053 3348 ecclesias
1073 3274 1201 3370 quein
1221 3275 1377 3372 Wagira

275 3385 385 3447 erant
397 3380 554 3472 regebat
569 3378 730 3448 domnus
746 3375 941 3468 Ludolfus.
957 3374 1019 3472 ille
1036 3374 1189 3472 inquam
1206 3375 1266 3470 qui
1286 3375 1376 3448 olim

242 3564 244 3568 .
274 3476 311 3547 in
326 3475 481 3548 Lubelre
496 3477 634 3548 multos
649 3485 805 3573 propter
820 3475 1061 3572 euangelium
1074 3474 1212 3550 Christi
1224 3477 1377 3548 labores

274 3576 490 3674 pertulerat.
519 3576 613 3648 Huic
631 3575 910 3673 preposituram
932 3576 1122 3673 cacelina,
1143 3578 1232 3648 dum
1252 3577 1377 3649 adhuc
1495 3583 1496 3590 ’

273 3701 391 3749 sanus
412 3686 529 3773 esset,
549 3675 751 3774 episcopus
776 3679 1121 3750 commendaverat.

347 3781 407 3852 76.
437 3777 648 3874 Unaigitur
666 3777 811 3850 dierum
831 3777 1015 3850 allocutus
1037 3787 1095 3850 est
1109 3779 1182 3850 dux
1198 3777 1377 3850 comitem

270 3878 447 3949 Adollam
474 3878 628 3950 dicens>
659 3875 849 3950 Perlutum
873 3884 927 3950 est
950 3876 1001 3949 od
1024 3901 1092 3951 nus
1119 3880 1195 3950 ium
1216 3878 1375 3974 pridem³

271 3976 372 4074 quod
389 3979 518 4050 civitas
534 3985 664 4051 nostra
677 3976 892 4052 Burdewich
909 4002 1083 4074 mupnom
1097 3977 1373 4052 diminutionem

270 4081 403 4150 ιιίιιιιιι
424 4082 595 4171 patiatur
620 4085 774 4172 propter
795 4079 991 4152 Lubiceose
1020 4081 1166 4174 forum„
1198 4105 1240 4153 eu
1272 4079 1374 4176 quod

273 4233 296 4356 p
315 4232 365 4358 pp
382 4234 407 4295 5,
421 4233 464 4287 rr.
537 4234 565 4303 ιι
584 4235 632 4288 ιιι
653 4275 660 4288 .
680 4273 688 4288 .
708 4239 780 4288 esus
799 4232 848 4288 nv.
868 4233 999 4288 natinaei
1017 4234 1062 4296 ao,
1086 4234 1127 4288 ιι.
1204 4234 1229 4304 ι)
1252 4233 1371 4306 ιιιιιρρ.
