3000 4900
286 426 358 498 162
410 421 1207 497 HELdllOLDlCllRONlCASLAVORUM.
1234 421 1365 495 blut
1486 419 1487 425 ’

192 635 275 691 1156
284 624 371 698 abiit
392 625 621 720 Aldenburg,
648 634 800 695 acturus
827 620 929 695 diem
947 622 1199 719 sollempnem
1220 624 1388 720 epypha-

173 706 431 800 11116ιιίιιίιιι
459 725 540 796 loco
568 723 784 796 cathedrali.
832 722 922 795 Erat
953 733 1080 795 autem
1113 727 1201 797 urbs
1234 724 1387 795 deserta

284 824 472 937 penitus,
492 848 565 896 non
602 824 748 897 habens
780 822 907 895 menia
939 823 997 895 vel
1031 822 1280 896 habitatorem
1314 824 1385 895 nisi

284 924 540 999 sanctuarium
560 925 772 1022 parvulum,
791 926 888 1037 qnpd
909 933 1040 995 sancte
1056 923 1239 996 memorie
1259 922 1390 996 Viceli·

284 1052 356 1099 nus
375 1026 511 1099 ibidem
532 1034 716 1097 erexerat.
752 1023 856 1096 lllio
847 1048 884 1095 ιιι
904 1023 1113 1122 asperrimo
1132 1024 1272 1121 frigore
1291 1024 1391 1102 inter

285 1126 457 1200 cumulos
485 1124 581 1197 nivis
611 1122 777 1197 officium
804 1124 1033 1222 peregimus.
1077 1124 1276 1199 Auditores
1297 1124 1387 1196 nulli

285 1229 331 1300 de
359 1226 504 1299 Sclavis
531 1235 661 1323 preter
688 1224 908 1298 Pribizlaum
943 1234 979 1296 et
1003 1248 1145 1321 paucos
1173 1227 1387 1297 admodum.

283 1326 450 1424 Expletis
471 1325 650 1399 misteriis
670 1325 804 1421 sacris,
817 1324 964 1421 rogavit
982 1324 1185 1398 Pribizlaus
1207 1334 1247 1397 ut
1266 1324 1387 1397 diver-

284 1436 452 1499 teremur
477 1427 513 1498 in
533 1428 687 1499 domum
706 1450 830 1518 snam,
860 1449 932 1523 que
953 1436 1034 1497 erat
1051 1425 1087 1496 in
1103 1424 1244 1525 oppido
1263 1449 1387 1497 remo-

283 1527 378 1600 tiori.
414 1529 459 1599 Et
481 1526 650 1623 suscepit
672 1550 740 1599 nos
757 1550 841 1598 cum
858 1526 974 1597 multa
995 1525 1200 1622 alacritate,
1221 1525 1387 1623 fecitque

286 1627 401 1700 nobis.
423 1626 633 1699 convivium
653 1627 809 1698 lautum.
853 1626 1027 1697 Mensam
1046 1626 1153 1699 nobis
1171 1627 1385 1724 appositam
1489 1680 1490 1685 .

285 1726 416 1824 viginti
441 1727 582 1799 leronla
605 1727 853 1798 cumularunt.
886 1726 965 1798 lllio
984 1726 1245 1824 experimento
1263 1725 1388 1821 didici,

286 1829 382 1924 quod
407 1837 495 1899 ante
517 1828 617 1899 fama
643 1826 822 1923 vulgante
849 1826 1029 1923 cognovi,
1055 1826 1140 1925 quia
1166 1827 1266 1899 nulla
1287 1850 1385 1923 gens

285 1927 480 2001 honestior
500 1926 646 2001 Sclavis
672 1927 708 1998 in
738 1926 1004 2024 hospitalitatis
1032 1926 1196 2025 gratia25
1222 1926 1256 1998 in
1286 1925 1389 1998 colli·

285 2028 418 2125 gendis
449 2028 549 2100 enim
579 2025 814 2125 hospitibus³
839 2050 972 2099 omnes
999 2027 1107 2125 quasi
1130 2052 1175 2099 ex
1197 2026 1385 2099 sententia

284 2128 430 2201 alacres
455 2138 555 2224 sunt,
581 2138 621 2199 ut
639 2152 709 2201 neo
728 2126 933 2224 hospitium
954 2152 1169 2225 quenquam
1192 2127 1386 2225 postulare

285 2252 445 2301 necesse
465 2228 523 2303 sit.
559 2227 741 2326 Quicquid
763 2228 863 2300 enim
883 2227 919 2299 in
939 2227 1180 2325 agricultura,
1208 2226 1384 2326 piscatio·

285 2328 394 2401 nibus
420 2351 489 2401 seu
508 2328 710 2401 venatione
739 2326 975 2425 conquirunt,
1001 2338 1121 2401 totum
1142 2329 1177 2399 in
1197 2327 1385 2425 largitatis

285 2453 379 2527 opus
401 2429 611 2526 conferunt,
638 2455 682 2502 eo
703 2429 894 2503 fortiorem
919 2452 1145 2528 quemquam
1166 2454 1238 2528 quo
1257 2430 1384 2527 prolu-

285 2531 424 2602 siorem
464 2529 689 2603 iactitantes.
747 2530 861 2605 Cuius
895 2531 1158 2604 ostentationis
1193 2529 1384 2602 affectatio
1491 2531 1492 2560 ⁴

283 2630 422 2703 multos
443 2652 573 2701 eorum
593 2632 638 2702 ad
659 2631 756 2702 furta
775 2630 836 2703 vel
861 2630 1053 2704 latrocinia
1072 2630 1256 2729 propellit.
1299 2630 1383 2718 Que

284 2730 412 2827 utique
438 2729 613 2802 vitiorum
635 2753 781 2827 genera
815 2733 912 2828 apud
946 2755 1013 2803 eos
1041 2732 1190 2828 quidem
1220 2730 1381 2803 venialia

283 2840 391 2921 sunt,
427 2830 655 2903 excusantur
692 2830 793 2903 enim
827 2829 1093 2928 hospitalitatis
1130 2828 1383 2929 palliatiouel.

282 2930 501 3004 Solavorum
521 2931 621 3004 enim
641 2931 788 3027 legibus
807 2934 1009 3026 accedens,
1035 2934 1133 3029 quod
1153 2943 1262 3005 nocte
1282 2932 1382 3003 fura·

281 3041 342 3104 tus
375 3031 511 3125 suerio,
534 3031 698 3104 crastina
725 3031 934 3129 hospitibus
966 3032 1175 3129 disperties.
1225 3032 1264 3106 Si
1298 3031 1382 3129 quis

282 3154 388 3244 vero,
416 3134 511 3228 quod
531 3131 769 3208 rarissimum
789 3141 861 3221 est,
879 3133 1122 3230 peregrinum
1143 3131 1305 3229 hospitio
1325 3156 1384 3204 re-

283 3230 452 3303 movisse
467 3233 729 3326 deprehensus
749 3230 874 3325 fuerit,
894 3231 1003 3306 huius
1024 3235 1176 3306 domum
1193 3232 1252 3304 vel
1266 3232 1384 3305 facul-

282 3341 378 3404 tates
406 3330 577 3404 iuoeudio
606 3355 831 3406 consumere
856 3287 997 3406 licitum
1027 3344 1105 3429 est,
1137 3344 1250 3431 atque
1279 3331 1381 3405 inid

282 3430 450 3503 omnium
477 3443 563 3504 vota
595 3432 735 3530 pariter
767 3432 997 3531 conspir,aut
1029 3387 1133 3505 illuln
1165 3432 1383 3530 inglorium,

281 3530 386 3604 illum
414 3530 526 3604 vilem
556 3542 593 3603 et
621 3537 667 3606 ab
696 3533 869 3608 omnibus
899 3533 1172 3606 exsibilandum
1198 3533 1383 3630 dicentes,

282 3658 342 3731 qur
336 3630 500 3729 hospiti
520 3657 657 3729 panem
677 3657 820 3730 negare
840 3657 915 3706 non
935 3634 1135 3708 timuisset.

357 3735 417 3808 83.
446 3733 639 3806 Conversio
657 3732 841 3806 Pribizloi.
899 3735 1098 3809 Manantes
1125 3745 1253 3808 autem
1280 3736 1380 3847 apud

281 3833 456 3947 regulum
480 3843 590 3906 nocte
617 3833 679 3906 illa
708 3857 794 3905 cum
826 3834 885 3907 die
909 3859 953 3907 ac
981 3846 1093 3908 nocte
1120 3833 1382 3938 subsequenti,

280 3933 550 4005 transivimus
540 3959 576 4004 m
592 3932 809 4007 ulteriorem
825 3934 1028 4009 Solaviam.
1020 3935 1264 4034 hospitaturi
1281 3931 1381 4049 apud

280 4042 474 4130 potentem
496 4035 697 4131 quendam,
717 4035 775 4106 cui
795 4060 933 4111 nomen
954 4035 1233 4130 Thessemar3'
1223 4060 1256 4109 rs
1277 4037 1377 4108 enim

282 4184 308 4255 1)
326 4203 365 4241 rc
384 4185 446 4241 anni
437 4184 547 4240 r.1l56
621 4185 649 4254 2)
669 4184 747 4242 (loni
768 4188 786 4242 l.
807 4187 842 4244 ll.
863 4207 921 4259 cap.
944 4189 1042 4244 tadu.
1127 4187 1153 4260 3)
1173 4184 1252 4242 Conl.
1272 4205 1301 4259 p.
1317 4188 1381 4242 160.

280 4275 308 4311 ιι.
330 4258 354 4314 l.
428 4258 456 4332 4)
471 4261 599 4332 palliatio,
619 4257 712 4315 Germ.
732 4259 815 4315 Bemt
818 4261 909 4316 ιιιιιιῑιΙ
876 4279 938 4332 ung.
