<?xml version="1.0" encoding="UTF-8"?>
<!DOCTYPE html PUBLIC "-//W3C//DTD XHTML 1.0 Transitional//EN"
    "http://www.w3.org/TR/xhtml1/DTD/xhtml1-transitional.dtd">
<html xmlns="http://www.w3.org/1999/xhtml" xml:lang="en" lang="en">
 <head>
  <title>
</title>
<meta http-equiv="Content-Type" content="text/html;charset=utf-8" />
  <meta name='ocr-system' content='tesseract 3.04.00' />
  <meta name='ocr-capabilities' content='ocr_page ocr_carea ocr_par ocr_line ocrx_word'/>
</head>
<body>
  <div class='ocr_page' id='page_1' title='image "./helmoldipresbyt00pertgoog_0081.png"; bbox 0 0 3000 4900; ppageno 0'>
   <div class='ocr_carea' id='block_1_1' title="bbox 180 458 1231 551">
    <p class='ocr_par' dir='ltr' id='par_1_1' title="bbox 180 458 1231 551">
     <span class='ocr_line' id='line_1_1' title="bbox 180 458 1231 551; baseline -0.008 -10"><span class='ocrx_word' id='word_1_1' title='bbox 180 462 424 542; x_wconf 76' lang='lat' dir='ltr'>Hutnouul</span> <span class='ocrx_word' id='word_1_2' title='bbox 444 461 684 538; x_wconf 79' lang='lat' dir='ltr'>cuuoulcn</span> <span class='ocrx_word' id='word_1_3' title='bbox 704 460 973 536; x_wconf 83' lang='lat' dir='ltr'><strong>SLAVORUM.</strong></span> <span class='ocrx_word' id='word_1_4' title='bbox 1001 459 1089 551; x_wconf 83' lang='lat' dir='ltr'><strong>LlB.</strong></span> <span class='ocrx_word' id='word_1_5' title='bbox 1106 458 1130 530; x_wconf 91' lang='lat'>1.</span> <span class='ocrx_word' id='word_1_6' title='bbox 1184 461 1231 534; x_wconf 81' lang='lat'>73</span> 
     </span>
    </p>
   </div>
   <div class='ocr_carea' id='block_1_2' title="bbox 133 661 1326 4093">
    <p class='ocr_par' dir='ltr' id='par_1_2' title="bbox 133 661 1326 4093">
     <span class='ocr_line' id='line_1_2' title="bbox 134 661 1326 761; baseline -0.007 -23"><span class='ocrx_word' id='word_1_7' title='bbox 134 663 242 738; x_wconf 87' lang='lat' dir='ltr'>marii</span> <span class='ocrx_word' id='word_1_8' title='bbox 270 663 460 761; x_wconf 89' lang='lat' dir='ltr'>ceterique</span> <span class='ocrx_word' id='word_1_9' title='bbox 485 664 658 738; x_wconf 86' lang='lat' dir='ltr'>Saxones</span> <span class='ocrx_word' id='word_1_10' title='bbox 682 663 828 738; x_wconf 85' lang='lat' dir='ltr'>Sclavis</span> <span class='ocrx_word' id='word_1_11' title='bbox 857 661 1035 758; x_wconf 78' lang='lat' dir='ltr'>contigui,</span> <span class='ocrx_word' id='word_1_12' title='bbox 1061 685 1106 734; x_wconf 93' lang='lat' dir='ltr'>eo</span> <span class='ocrx_word' id='word_1_13' title='bbox 1132 664 1232 761; x_wconf 92' lang='lat' dir='ltr'>quod</span> <span class='ocrx_word' id='word_1_14' title='bbox 1245 674 1326 730; x_wconf 81' lang='lat' dir='ltr'>rosa.</span> 
     </span>
     <span class='ocr_line' id='line_1_3' title="bbox 134 762 1234 860; baseline -0.002 -22"><span class='ocrx_word' id='word_1_15' title='bbox 134 764 341 839; x_wconf 85' lang='lat' dir='ltr'>corruisset</span> <span class='ocrx_word' id='word_1_16' title='bbox 368 764 490 838; x_wconf 89' lang='lat' dir='ltr'>hostis</span> <span class='ocrx_word' id='word_1_17' title='bbox 526 788 655 857; x_wconf 81' lang='lat' dir='ltr'>eorum</span> <span class='ocrx_word' id='word_1_18' title='bbox 685 763 894 859; x_wconf 80' lang='lat' dir='ltr'>maximus,</span> <span class='ocrx_word' id='word_1_19' title='bbox 928 762 989 860; x_wconf 93' lang='lat' dir='ltr'>qui</span> <span class='ocrx_word' id='word_1_20' title='bbox 1017 762 1234 838; x_wconf 75' lang='lat' dir='ltr'><strong>tradidisset</strong></span> 
     </span>
     <span class='ocr_line' id='line_1_4' title="bbox 135 863 1233 963; baseline -0.002 -23"><span class='ocrx_word' id='word_1_21' title='bbox 135 891 203 940; x_wconf 90' lang='lat' dir='ltr'>eos</span> <span class='ocrx_word' id='word_1_22' title='bbox 222 865 259 940; x_wconf 90' lang='lat' dir='ltr'>in</span> <span class='ocrx_word' id='word_1_23' title='bbox 280 877 439 938; x_wconf 91' lang='lat' dir='ltr'>mortem</span> <span class='ocrx_word' id='word_1_24' title='bbox 461 874 498 940; x_wconf 88' lang='lat' dir='ltr'>et</span> <span class='ocrx_word' id='word_1_25' title='bbox 512 865 549 937; x_wconf 94' lang='lat' dir='ltr'>in</span> <span class='ocrx_word' id='word_1_26' title='bbox 565 865 778 963; x_wconf 84' lang='lat' dir='ltr'>captionem</span> <span class='ocrx_word' id='word_1_27' title='bbox 795 875 834 937; x_wconf 90' lang='lat' dir='ltr'>et</span> <span class='ocrx_word' id='word_1_28' title='bbox 846 863 1176 961; x_wconf 77' lang='lat' dir='ltr'>inexterminium,</span> <span class='ocrx_word' id='word_1_29' title='bbox 1196 874 1233 937; x_wconf 91' lang='lat' dir='ltr'>et</span> 
     </span>
     <span class='ocr_line' id='line_1_5' title="bbox 136 964 1233 1064; baseline -0.002 -24"><span class='ocrx_word' id='word_1_30' title='bbox 136 967 367 1042; x_wconf 79' lang='lat' dir='ltr'>surrexisset</span> <span class='ocrx_word' id='word_1_31' title='bbox 386 990 458 1064; x_wconf 92' lang='lat' dir='ltr'>pro</span> <span class='ocrx_word' id='word_1_32' title='bbox 476 989 520 1038; x_wconf 88' lang='lat' dir='ltr'>eo</span> <span class='ocrx_word' id='word_1_33' title='bbox 544 965 719 1064; x_wconf 90' lang='lat' dir='ltr'>princeps</span> <span class='ocrx_word' id='word_1_34' title='bbox 738 989 874 1059; x_wconf 74' lang='lat' dir='ltr'>novos,</span> <span class='ocrx_word' id='word_1_35' title='bbox 903 964 966 1062; x_wconf 94' lang='lat' dir='ltr'>qui</span> <span class='ocrx_word' id='word_1_36' title='bbox 984 964 1157 1062; x_wconf 82' lang='lat' dir='ltr'>diligeret</span> <span class='ocrx_word' id='word_1_37' title='bbox 1174 989 1233 1038; x_wconf 89' lang='lat' dir='ltr'>sa·</span> 
     </span>
     <span class='ocr_line' id='line_1_6' title="bbox 133 1065 1234 1165; baseline -0.001 -25"><span class='ocrx_word' id='word_1_38' title='bbox 133 1069 254 1142; x_wconf 89' lang='lat' dir='ltr'>lutem</span> <span class='ocrx_word' id='word_1_39' title='bbox 273 1067 401 1165; x_wconf 84' lang='lat' dir='ltr'>lsrael.</span> <span class='ocrx_word' id='word_1_40' title='bbox 437 1067 730 1164; x_wconf 75' lang='lat' dir='ltr'>servieruntque</span> <span class='ocrx_word' id='word_1_41' title='bbox 751 1066 785 1139; x_wconf 90' lang='lat' dir='ltr'>ei</span> <span class='ocrx_word' id='word_1_42' title='bbox 806 1091 851 1139; x_wconf 87' lang='lat' dir='ltr'>ex</span> <span class='ocrx_word' id='word_1_43' title='bbox 871 1065 1010 1161; x_wconf 73' lang='lat' dir='ltr'>animo,</span> <span class='ocrx_word' id='word_1_44' title='bbox 1030 1089 1234 1164; x_wconf 87' lang='lat' dir='ltr'>properan-</span> 
     </span>
     <span class='ocr_line' id='line_1_7' title="bbox 134 1166 1233 1265; baseline 0 -25"><span class='ocrx_word' id='word_1_45' title='bbox 134 1179 194 1240; x_wconf 88' lang='lat' dir='ltr'>tes</span> <span class='ocrx_word' id='word_1_46' title='bbox 222 1192 308 1242; x_wconf 90' lang='lat' dir='ltr'>oum</span> <span class='ocrx_word' id='word_1_47' title='bbox 328 1192 373 1240; x_wconf 89' lang='lat' dir='ltr'>eo</span> <span class='ocrx_word' id='word_1_48' title='bbox 393 1171 437 1242; x_wconf 86' lang='lat' dir='ltr'>ad</span> <span class='ocrx_word' id='word_1_49' title='bbox 468 1167 570 1240; x_wconf 85' lang='lat' dir='ltr'>varia</span> <span class='ocrx_word' id='word_1_50' title='bbox 598 1166 781 1242; x_wconf 87' lang='lat' dir='ltr'>bellorum</span> <span class='ocrx_word' id='word_1_51' title='bbox 801 1166 995 1265; x_wconf 65' lang='lat' dir='ltr'>pericula,⁴</span> <span class='ocrx_word' id='word_1_52' title='bbox 1008 1167 1127 1264; x_wconf 89' lang='lat' dir='ltr'>parati</span> <span class='ocrx_word' id='word_1_53' title='bbox 1147 1191 1233 1240; x_wconf 90' lang='lat' dir='ltr'>cum</span> 
     </span>
     <span class='ocr_line' id='line_1_8' title="bbox 135 1267 1235 1365; baseline -0.003 -22"><span class='ocrx_word' id='word_1_54' title='bbox 135 1293 181 1344; x_wconf 90' lang='lat' dir='ltr'>eo</span> <span class='ocrx_word' id='word_1_55' title='bbox 210 1279 274 1342; x_wconf 85' lang='lat' dir='ltr'>aut</span> <span class='ocrx_word' id='word_1_56' title='bbox 300 1269 430 1342; x_wconf 89' lang='lat' dir='ltr'>vivere</span> <span class='ocrx_word' id='word_1_57' title='bbox 457 1279 522 1340; x_wconf 88' lang='lat' dir='ltr'>aut</span> <span class='ocrx_word' id='word_1_58' title='bbox 548 1269 643 1341; x_wconf 89' lang='lat' dir='ltr'>mori</span> <span class='ocrx_word' id='word_1_59' title='bbox 671 1267 849 1340; x_wconf 77' lang='lat' dir='ltr'>fortiter1.</span> <span class='ocrx_word' id='word_1_60' title='bbox 888 1268 1093 1341; x_wconf 81' lang='lat' dir='ltr'>Audientes</span> <span class='ocrx_word' id='word_1_61' title='bbox 1121 1268 1235 1365; x_wconf 89' lang='lat' dir='ltr'>igitur</span> 
     </span>
     <span class='ocr_line' id='line_1_9' title="bbox 136 1366 1235 1468; baseline 0 -26"><span class='ocrx_word' id='word_1_62' title='bbox 136 1370 304 1444; x_wconf 87' lang='lat' dir='ltr'>universi</span> <span class='ocrx_word' id='word_1_63' title='bbox 323 1369 543 1444; x_wconf 84' lang='lat' dir='ltr'>Sclnvorum</span> <span class='ocrx_word' id='word_1_64' title='bbox 571 1368 711 1468; x_wconf 72' lang='lat' dir='ltr'>popuii,</span> <span class='ocrx_word' id='word_1_65' title='bbox 740 1369 790 1442; x_wconf 91' lang='lat' dir='ltr'>hii</span> <span class='ocrx_word' id='word_1_66' title='bbox 819 1368 992 1441; x_wconf 83' lang='lat' dir='ltr'>videlicet</span> <span class='ocrx_word' id='word_1_67' title='bbox 1011 1366 1074 1465; x_wconf 91' lang='lat' dir='ltr'>qui</span> <span class='ocrx_word' id='word_1_68' title='bbox 1092 1369 1235 1442; x_wconf 76' lang='lat' dir='ltr'>habite·</span> 
     </span>
     <span class='ocr_line' id='line_1_10' title="bbox 134 1467 1236 1567; baseline -0.005 -21"><span class='ocrx_word' id='word_1_69' title='bbox 134 1476 227 1546; x_wconf 87' lang='lat' dir='ltr'>bant</span> <span class='ocrx_word' id='word_1_70' title='bbox 243 1472 290 1542; x_wconf 83' lang='lat' dir='ltr'>ad</span> <span class='ocrx_word' id='word_1_71' title='bbox 310 1470 493 1544; x_wconf 86' lang='lat' dir='ltr'>orientem</span> <span class='ocrx_word' id='word_1_72' title='bbox 514 1480 552 1544; x_wconf 90' lang='lat' dir='ltr'>et</span> <span class='ocrx_word' id='word_1_73' title='bbox 571 1480 754 1563; x_wconf 67' lang='lat' dir='ltr'>austrum,</span> <span class='ocrx_word' id='word_1_74' title='bbox 774 1471 870 1567; x_wconf 92' lang='lat' dir='ltr'>quod</span> <span class='ocrx_word' id='word_1_75' title='bbox 891 1470 1120 1542; x_wconf 84' lang='lat' dir='ltr'>surrexisset.</span> <span class='ocrx_word' id='word_1_76' title='bbox 1136 1467 1236 1542; x_wconf 92' lang='lat' dir='ltr'>inter</span> 
     </span>
     <span class='ocr_line' id='line_1_11' title="bbox 137 1569 1235 1669; baseline -0.002 -25"><span class='ocrx_word' id='word_1_77' title='bbox 137 1596 204 1644; x_wconf 91' lang='lat' dir='ltr'>eos</span> <span class='ocrx_word' id='word_1_78' title='bbox 232 1571 423 1669; x_wconf 63' lang='lat' dir='ltr'>princeps³</span> <span class='ocrx_word' id='word_1_79' title='bbox 449 1571 510 1668; x_wconf 88' lang='lat' dir='ltr'>qui</span> <span class='ocrx_word' id='word_1_80' title='bbox 531 1570 628 1644; x_wconf 88' lang='lat' dir='ltr'>dicat</span> <span class='ocrx_word' id='word_1_81' title='bbox 646 1570 918 1644; x_wconf 90' lang='lat' dir='ltr'>subiacendum</span> <span class='ocrx_word' id='word_1_82' title='bbox 937 1569 1124 1643; x_wconf 84' lang='lat' dir='ltr'>cristianis</span> <span class='ocrx_word' id='word_1_83' title='bbox 1144 1571 1235 1668; x_wconf 84' lang='lat' dir='ltr'>legi·</span> 
     </span>
     <span class='ocr_line' id='line_1_12' title="bbox 134 1671 1234 1770; baseline -0.004 -23"><span class='ocrx_word' id='word_1_84' title='bbox 134 1677 205 1748; x_wconf 88' lang='lat' dir='ltr'>bus</span> <span class='ocrx_word' id='word_1_85' title='bbox 231 1682 268 1746; x_wconf 85' lang='lat' dir='ltr'>et</span> <span class='ocrx_word' id='word_1_86' title='bbox 285 1672 420 1747; x_wconf 89' lang='lat' dir='ltr'>tributa</span> <span class='ocrx_word' id='word_1_87' title='bbox 441 1671 669 1770; x_wconf 90' lang='lat' dir='ltr'>principibus</span> <span class='ocrx_word' id='word_1_88' title='bbox 695 1672 890 1767; x_wconf 67' lang='lat' dir='ltr'>solvenda,</span> <span class='ocrx_word' id='word_1_89' title='bbox 915 1671 1164 1744; x_wconf 87' lang='lat' dir='ltr'>vehementer</span> <span class='ocrx_word' id='word_1_90' title='bbox 1181 1671 1234 1743; x_wconf 88' lang='lat' dir='ltr'>in·</span> 
     </span>
     <span class='ocr_line' id='line_1_13' title="bbox 136 1773 1236 1870; baseline -0.002 -24"><span class='ocrx_word' id='word_1_91' title='bbox 136 1773 277 1870; x_wconf 86' lang='lat' dir='ltr'>dignati</span> <span class='ocrx_word' id='word_1_92' title='bbox 301 1783 400 1868; x_wconf 79' lang='lat' dir='ltr'>suut,</span> <span class='ocrx_word' id='word_1_93' title='bbox 418 1782 761 1870; x_wconf 86' lang='lat' dir='ltr'>conveneruntque</span> <span class='ocrx_word' id='word_1_94' title='bbox 787 1796 922 1845; x_wconf 89' lang='lat' dir='ltr'>omnes</span> <span class='ocrx_word' id='word_1_95' title='bbox 951 1796 1023 1845; x_wconf 92' lang='lat' dir='ltr'>una</span> <span class='ocrx_word' id='word_1_96' title='bbox 1042 1773 1236 1844; x_wconf 83' lang='lat' dir='ltr'>voluntate</span> 
     </span>
     <span class='ocr_line' id='line_1_14' title="bbox 137 1872 1236 1972; baseline 0 -28"><span class='ocrx_word' id='word_1_97' title='bbox 137 1884 176 1944; x_wconf 89' lang='lat' dir='ltr'>et</span> <span class='ocrx_word' id='word_1_98' title='bbox 204 1877 337 1972; x_wconf 77' lang='lat' dir='ltr'>eadem</span> <span class='ocrx_word' id='word_1_99' title='bbox 367 1874 568 1968; x_wconf 55' lang='lat' dir='ltr'>sententia</span> <span class='ocrx_word' id='word_1_100' title='bbox 593 1882 633 1946; x_wconf 91' lang='lat' dir='ltr'>ut</span> <span class='ocrx_word' id='word_1_101' title='bbox 658 1884 871 1971; x_wconf 82' lang='lat' dir='ltr'>pugnarent</span> <span class='ocrx_word' id='word_1_102' title='bbox 890 1876 1074 1946; x_wconf 89' lang='lat' dir='ltr'>adversus</span> <span class='ocrx_word' id='word_1_103' title='bbox 1094 1872 1236 1946; x_wconf 90' lang='lat' dir='ltr'>Heinri-</span> 
     </span>
     <span class='ocr_line' id='line_1_15' title="bbox 137 1973 1237 2071; baseline 0 -25"><span class='ocrx_word' id='word_1_104' title='bbox 137 1999 237 2069; x_wconf 75' lang='lat' dir='ltr'>cum,</span> <span class='ocrx_word' id='word_1_105' title='bbox 258 1985 293 2046; x_wconf 91' lang='lat' dir='ltr'>et</span> <span class='ocrx_word' id='word_1_106' title='bbox 313 1985 524 2048; x_wconf 86' lang='lat' dir='ltr'>statuerunt</span> <span class='ocrx_word' id='word_1_107' title='bbox 543 1973 722 2048; x_wconf 83' lang='lat' dir='ltr'>inlocum</span> <span class='ocrx_word' id='word_1_108' title='bbox 744 1974 839 2068; x_wconf 75' lang='lat' dir='ltr'>eius,</span> <span class='ocrx_word' id='word_1_109' title='bbox 858 1973 919 2071; x_wconf 91' lang='lat' dir='ltr'>qui</span> <span class='ocrx_word' id='word_1_110' title='bbox 940 1984 1019 2047; x_wconf 90' lang='lat' dir='ltr'>erat</span> <span class='ocrx_word' id='word_1_111' title='bbox 1038 1973 1237 2046; x_wconf 89' lang='lat' dir='ltr'>cristioolis</span> 
     </span>
     <span class='ocr_line' id='line_1_16' title="bbox 137 2074 1237 2172; baseline 0 -26"><span class='ocrx_word' id='word_1_112' title='bbox 137 2076 334 2172; x_wconf 91' lang='lat' dir='ltr'>oppositus</span> <span class='ocrx_word' id='word_1_113' title='bbox 359 2075 460 2148; x_wconf 90' lang='lat' dir='ltr'>omni</span> <span class='ocrx_word' id='word_1_114' title='bbox 487 2085 669 2172; x_wconf 90' lang='lat' dir='ltr'>tempore.</span> <span class='ocrx_word' id='word_1_115' title='bbox 713 2075 1011 2172; x_wconf 87' lang='lat' dir='ltr'>Nunciatumque</span> <span class='ocrx_word' id='word_1_116' title='bbox 1040 2083 1100 2146; x_wconf 88' lang='lat' dir='ltr'>est</span> <span class='ocrx_word' id='word_1_117' title='bbox 1126 2074 1237 2146; x_wconf 90' lang='lat' dir='ltr'>Hein-</span> 
     </span>
     <span class='ocr_line' id='line_1_17' title="bbox 135 2174 1239 2274; baseline 0 -26"><span class='ocrx_word' id='word_1_118' title='bbox 135 2177 229 2273; x_wconf 69' lang='lat' dir='ltr'>rico,</span> <span class='ocrx_word' id='word_1_119' title='bbox 255 2176 340 2274; x_wconf 90' lang='lat' dir='ltr'>quia</span> <span class='ocrx_word' id='word_1_120' title='bbox 370 2201 549 2273; x_wconf 85' lang='lat' dir='ltr'>egressus</span> <span class='ocrx_word' id='word_1_121' title='bbox 576 2186 634 2250; x_wconf 86' lang='lat' dir='ltr'>est</span> <span class='ocrx_word' id='word_1_122' title='bbox 651 2175 870 2248; x_wconf 88' lang='lat' dir='ltr'>Sclavorum</span> <span class='ocrx_word' id='word_1_123' title='bbox 897 2174 1084 2248; x_wconf 87' lang='lat' dir='ltr'>exercitus</span> <span class='ocrx_word' id='word_1_124' title='bbox 1108 2177 1239 2248; x_wconf 83' lang='lat' dir='ltr'>adde·</span> 
     </span>
     <span class='ocr_line' id='line_1_18' title="bbox 138 2276 1237 2372; baseline 0 -22"><span class='ocrx_word' id='word_1_125' title='bbox 138 2280 359 2350; x_wconf 86' lang='lat' dir='ltr'>struendum</span> <span class='ocrx_word' id='word_1_126' title='bbox 379 2301 476 2349; x_wconf 91' lang='lat' dir='ltr'>eom.</span> <span class='ocrx_word' id='word_1_127' title='bbox 509 2278 553 2348; x_wconf 84' lang='lat' dir='ltr'>Et</span> <span class='ocrx_word' id='word_1_128' title='bbox 572 2276 696 2372; x_wconf 87' lang='lat' dir='ltr'>statim</span> <span class='ocrx_word' id='word_1_129' title='bbox 717 2276 852 2349; x_wconf 85' lang='lat' dir='ltr'>direxit</span> <span class='ocrx_word' id='word_1_130' title='bbox 869 2276 1026 2350; x_wconf 90' lang='lat' dir='ltr'>nuncios</span> <span class='ocrx_word' id='word_1_131' title='bbox 1046 2278 1091 2348; x_wconf 89' lang='lat' dir='ltr'>ad</span> <span class='ocrx_word' id='word_1_132' title='bbox 1111 2300 1237 2350; x_wconf 89' lang='lat' dir='ltr'>accer-</span> 
     </span>
     <span class='ocr_line' id='line_1_19' title="bbox 138 2377 1238 2475; baseline -0.003 -24"><span class='ocrx_word' id='word_1_133' title='bbox 138 2378 313 2452; x_wconf 86' lang='lat' dir='ltr'>siendum</span> <span class='ocrx_word' id='word_1_134' title='bbox 338 2380 473 2467; x_wconf 86' lang='lat' dir='ltr'>ducem</span> <span class='ocrx_word' id='word_1_135' title='bbox 501 2378 680 2475; x_wconf 84' lang='lat' dir='ltr'>Magnum</span> <span class='ocrx_word' id='word_1_136' title='bbox 708 2389 745 2448; x_wconf 87' lang='lat' dir='ltr'>et</span> <span class='ocrx_word' id='word_1_137' title='bbox 770 2377 996 2453; x_wconf 84' lang='lat' dir='ltr'>fortissimos</span> <span class='ocrx_word' id='word_1_138' title='bbox 1015 2377 1238 2475; x_wconf 64' lang='lat' dir='ltr'>Remorum,</span> 
     </span>
     <span class='ocr_line' id='line_1_20' title="bbox 137 2479 1325 2575; baseline -0.002 -22"><span class='ocrx_word' id='word_1_139' title='bbox 137 2480 403 2574; x_wconf 67' lang='lat' dir='ltr'>Hoizatorum‚</span> <span class='ocrx_word' id='word_1_140' title='bbox 439 2479 732 2553; x_wconf 88' lang='lat' dir='ltr'>Sturrnariorum</span> <span class='ocrx_word' id='word_1_141' title='bbox 766 2490 879 2575; x_wconf 88' lang='lat' dir='ltr'>atque</span> <span class='ocrx_word' id='word_1_142' title='bbox 911 2480 1236 2575; x_wconf 57' lang='lat' dir='ltr'>Thetmarcorumq</span> <span class='ocrx_word' id='word_1_143' title='bbox 1322 2523 1325 2530; x_wconf 95' lang='lat'>·</span> 
     </span>
     <span class='ocr_line' id='line_1_21' title="bbox 138 2579 1237 2679; baseline -0.002 -26"><span class='ocrx_word' id='word_1_144' title='bbox 138 2581 200 2679; x_wconf 90' lang='lat' dir='ltr'>qui</span> <span class='ocrx_word' id='word_1_145' title='bbox 219 2604 353 2653; x_wconf 89' lang='lat' dir='ltr'>omnes</span> <span class='ocrx_word' id='word_1_146' title='bbox 373 2590 619 2652; x_wconf 86' lang='lat' dir='ltr'>occurrerunt</span> <span class='ocrx_word' id='word_1_147' title='bbox 638 2589 811 2677; x_wconf 89' lang='lat' dir='ltr'>prompto</span> <span class='ocrx_word' id='word_1_148' title='bbox 830 2580 956 2654; x_wconf 86' lang='lat' dir='ltr'>animo</span> <span class='ocrx_word' id='word_1_149' title='bbox 976 2590 1015 2651; x_wconf 89' lang='lat' dir='ltr'>et</span> <span class='ocrx_word' id='word_1_150' title='bbox 1027 2579 1237 2652; x_wconf 83' lang='lat' dir='ltr'>voluntario</span> 
     </span>
     <span class='ocr_line' id='line_1_22' title="bbox 137 2680 1236 2778; baseline -0.002 -25"><span class='ocrx_word' id='word_1_151' title='bbox 137 2684 263 2755; x_wconf 87' lang='lat' dir='ltr'>corde.</span> <span class='ocrx_word' id='word_1_152' title='bbox 314 2683 359 2755; x_wconf 82' lang='lat' dir='ltr'>Et</span> <span class='ocrx_word' id='word_1_153' title='bbox 386 2681 577 2778; x_wconf 84' lang='lat' dir='ltr'>progressi</span> <span class='ocrx_word' id='word_1_154' title='bbox 606 2682 756 2753; x_wconf 90' lang='lat' dir='ltr'>suntin</span> <span class='ocrx_word' id='word_1_155' title='bbox 784 2692 924 2753; x_wconf 89' lang='lat' dir='ltr'>terram</span> <span class='ocrx_word' id='word_1_156' title='bbox 950 2681 1173 2754; x_wconf 86' lang='lat' dir='ltr'>Poiaborum</span> <span class='ocrx_word' id='word_1_157' title='bbox 1198 2680 1236 2751; x_wconf 90' lang='lat' dir='ltr'>in</span> 
     </span>
     <span class='ocr_line' id='line_1_23' title="bbox 139 2780 1237 2880; baseline 0.001 -27"><span class='ocrx_word' id='word_1_158' title='bbox 139 2806 317 2880; x_wconf 87' lang='lat' dir='ltr'>campum</span> <span class='ocrx_word' id='word_1_159' title='bbox 337 2784 397 2879; x_wconf 91' lang='lat' dir='ltr'>qui</span> <span class='ocrx_word' id='word_1_160' title='bbox 417 2782 548 2855; x_wconf 89' lang='lat' dir='ltr'>dicitur</span> <span class='ocrx_word' id='word_1_161' title='bbox 566 2780 778 2877; x_wconf 70' lang='lat' dir='ltr'>Zmilowe2‚</span> <span class='ocrx_word' id='word_1_162' title='bbox 803 2782 863 2856; x_wconf 91' lang='lat' dir='ltr'>ubi</span> <span class='ocrx_word' id='word_1_163' title='bbox 883 2782 1070 2855; x_wconf 86' lang='lat' dir='ltr'>exercitus</span> <span class='ocrx_word' id='word_1_164' title='bbox 1088 2781 1237 2854; x_wconf 84' lang='lat' dir='ltr'>hostilis</span> 
     </span>
     <span class='ocr_line' id='line_1_24' title="bbox 140 2882 1240 2979; baseline -0.004 -22"><span class='ocrx_word' id='word_1_165' title='bbox 140 2893 222 2957; x_wconf 88' lang='lat' dir='ltr'>erat</span> <span class='ocrx_word' id='word_1_166' title='bbox 245 2882 405 2956; x_wconf 87' lang='lat' dir='ltr'>diffusus</span> <span class='ocrx_word' id='word_1_167' title='bbox 433 2906 547 2979; x_wconf 90' lang='lat' dir='ltr'>super</span> <span class='ocrx_word' id='word_1_168' title='bbox 569 2882 801 2955; x_wconf 88' lang='lat' dir='ltr'>latitudinem</span> <span class='ocrx_word' id='word_1_169' title='bbox 820 2893 932 2957; x_wconf 88' lang='lat' dir='ltr'>terre.</span> <span class='ocrx_word' id='word_1_170' title='bbox 967 2882 1107 2956; x_wconf 89' lang='lat' dir='ltr'>Videns</span> <span class='ocrx_word' id='word_1_171' title='bbox 1126 2882 1240 2974; x_wconf 85' lang='lat' dir='ltr'>igitur</span> 
     </span>
     <span class='ocr_line' id='line_1_25' title="bbox 139 2982 1239 3081; baseline -0.001 -26"><span class='ocrx_word' id='word_1_172' title='bbox 139 2984 314 3080; x_wconf 79' lang='lat' dir='ltr'>Magnus,</span> <span class='ocrx_word' id='word_1_173' title='bbox 338 2984 422 3081; x_wconf 86' lang='lat' dir='ltr'>quia</span> <span class='ocrx_word' id='word_1_174' title='bbox 452 2982 637 3056; x_wconf 85' lang='lat' dir='ltr'>exercitus</span> <span class='ocrx_word' id='word_1_175' title='bbox 657 2984 878 3057; x_wconf 79' lang='lat' dir='ltr'>Sclavorunr</span> <span class='ocrx_word' id='word_1_176' title='bbox 904 2983 1057 3080; x_wconf 90' lang='lat' dir='ltr'>grandis</span> <span class='ocrx_word' id='word_1_177' title='bbox 1078 2992 1183 3057; x_wconf 90' lang='lat' dir='ltr'>esset</span> <span class='ocrx_word' id='word_1_178' title='bbox 1200 2993 1239 3055; x_wconf 89' lang='lat' dir='ltr'>et</span> 
     </span>
     <span class='ocr_line' id='line_1_26' title="bbox 138 3084 1239 3181; baseline -0.002 -24"><span class='ocrx_word' id='word_1_179' title='bbox 138 3084 257 3157; x_wconf 89' lang='lat' dir='ltr'>armis</span> <span class='ocrx_word' id='word_1_180' title='bbox 269 3084 486 3180; x_wconf 71' lang='lat' dir='ltr'>instructus,</span> <span class='ocrx_word' id='word_1_181' title='bbox 505 3084 628 3157; x_wconf 88' lang='lat' dir='ltr'>timuit</span> <span class='ocrx_word' id='word_1_182' title='bbox 638 3084 827 3181; x_wconf 88' lang='lat' dir='ltr'>congredi.</span> <span class='ocrx_word' id='word_1_183' title='bbox 856 3086 1164 3181; x_wconf 73' lang='lat' dir='ltr'>protractumque</span> <span class='ocrx_word' id='word_1_184' title='bbox 1180 3094 1239 3155; x_wconf 91' lang='lat' dir='ltr'>est</span> 
     </span>
     <span class='ocr_line' id='line_1_27' title="bbox 138 3183 1238 3284; baseline -0.002 -27"><span class='ocrx_word' id='word_1_185' title='bbox 138 3185 279 3259; x_wconf 88' lang='lat' dir='ltr'>bellurn</span> <span class='ocrx_word' id='word_1_186' title='bbox 299 3210 320 3257; x_wconf 91' lang='lat' dir='ltr'>a</span> <span class='ocrx_word' id='word_1_187' title='bbox 340 3210 451 3257; x_wconf 90' lang='lat' dir='ltr'>mane</span> <span class='ocrx_word' id='word_1_188' title='bbox 476 3210 597 3283; x_wconf 91' lang='lat' dir='ltr'>usque</span> <span class='ocrx_word' id='word_1_189' title='bbox 625 3189 670 3259; x_wconf 89' lang='lat' dir='ltr'>ad</span> <span class='ocrx_word' id='word_1_190' title='bbox 694 3209 918 3284; x_wconf 73' lang='lat' dir='ltr'>vesperam,</span> <span class='ocrx_word' id='word_1_191' title='bbox 945 3209 989 3257; x_wconf 87' lang='lat' dir='ltr'>eo</span> <span class='ocrx_word' id='word_1_192' title='bbox 1010 3188 1106 3281; x_wconf 92' lang='lat' dir='ltr'>quod</span> <span class='ocrx_word' id='word_1_193' title='bbox 1127 3183 1238 3257; x_wconf 90' lang='lat' dir='ltr'>inter-</span> 
     </span>
     <span class='ocr_line' id='line_1_28' title="bbox 140 3284 1240 3384; baseline -0.001 -25"><span class='ocrx_word' id='word_1_194' title='bbox 140 3285 264 3359; x_wconf 87' lang='lat' dir='ltr'>nuncii</span> <span class='ocrx_word' id='word_1_195' title='bbox 293 3295 521 3384; x_wconf 86' lang='lat' dir='ltr'>temptarent</span> <span class='ocrx_word' id='word_1_196' title='bbox 546 3311 712 3384; x_wconf 87' lang='lat' dir='ltr'>pugnam</span> <span class='ocrx_word' id='word_1_197' title='bbox 745 3285 1018 3359; x_wconf 87' lang='lat' dir='ltr'>conditionibus</span> <span class='ocrx_word' id='word_1_198' title='bbox 1049 3284 1240 3375; x_wconf 66' lang='lat' dir='ltr'>dirimere,</span> 
     </span>
     <span class='ocr_line' id='line_1_29' title="bbox 139 3387 1238 3485; baseline -0.002 -26"><span class='ocrx_word' id='word_1_199' title='bbox 139 3389 213 3459; x_wconf 82' lang='lat' dir='ltr'>dux</span> <span class='ocrx_word' id='word_1_200' title='bbox 225 3411 374 3484; x_wconf 89' lang='lat' dir='ltr'>quoque</span> <span class='ocrx_word' id='word_1_201' title='bbox 390 3387 795 3485; x_wconf 84' lang='lat' dir='ltr'>expecteretauxilium</span> <span class='ocrx_word' id='word_1_202' title='bbox 810 3387 984 3480; x_wconf 66' lang='lat' dir='ltr'>rnilitum,</span> <span class='ocrx_word' id='word_1_203' title='bbox 1002 3410 1096 3483; x_wconf 92' lang='lat' dir='ltr'>quos</span> <span class='ocrx_word' id='word_1_204' title='bbox 1108 3410 1238 3484; x_wconf 91' lang='lat' dir='ltr'>super-</span> 
     </span>
     <span class='ocr_line' id='line_1_30' title="bbox 138 3486 1238 3586; baseline 0.002 -28"><span class='ocrx_word' id='word_1_205' title='bbox 138 3498 319 3561; x_wconf 91' lang='lat' dir='ltr'>venturos</span> <span class='ocrx_word' id='word_1_206' title='bbox 339 3492 526 3586; x_wconf 86' lang='lat' dir='ltr'>sperabat.</span> <span class='ocrx_word' id='word_1_207' title='bbox 557 3488 710 3561; x_wconf 83' lang='lat' dir='ltr'>Factum</span> <span class='ocrx_word' id='word_1_208' title='bbox 729 3498 790 3561; x_wconf 90' lang='lat' dir='ltr'>est</span> <span class='ocrx_word' id='word_1_209' title='bbox 803 3497 931 3560; x_wconf 87' lang='lat' dir='ltr'>autem</span> <span class='ocrx_word' id='word_1_210' title='bbox 946 3486 1044 3559; x_wconf 90' lang='lat' dir='ltr'>circa</span> <span class='ocrx_word' id='word_1_211' title='bbox 1058 3511 1238 3561; x_wconf 88' lang='lat' dir='ltr'>occasum</span> 
     </span>
     <span class='ocr_line' id='line_1_31' title="bbox 141 3586 1238 3687; baseline -0.002 -24"><span class='ocrx_word' id='word_1_212' title='bbox 141 3588 246 3685; x_wconf 71' lang='lat' dir='ltr'>sotis,</span> <span class='ocrx_word' id='word_1_213' title='bbox 265 3599 302 3662; x_wconf 91' lang='lat' dir='ltr'>et</span> <span class='ocrx_word' id='word_1_214' title='bbox 319 3613 408 3663; x_wconf 90' lang='lat' dir='ltr'>ecoe</span> <span class='ocrx_word' id='word_1_215' title='bbox 422 3588 636 3687; x_wconf 89' lang='lat' dir='ltr'>speculator</span> <span class='ocrx_word' id='word_1_216' title='bbox 651 3588 756 3662; x_wconf 88' lang='lat' dir='ltr'>ducis</span> <span class='ocrx_word' id='word_1_217' title='bbox 771 3590 923 3661; x_wconf 85' lang='lat' dir='ltr'>nunciet</span> <span class='ocrx_word' id='word_1_218' title='bbox 938 3587 1107 3662; x_wconf 83' lang='lat' dir='ltr'>militiam</span> <span class='ocrx_word' id='word_1_219' title='bbox 1121 3586 1238 3661; x_wconf 88' lang='lat' dir='ltr'>armis</span> 
     </span>
     <span class='ocr_line' id='line_1_32' title="bbox 139 3688 1237 3788; baseline -0.002 -27"><span class='ocrx_word' id='word_1_220' title='bbox 139 3690 362 3764; x_wconf 88' lang='lat' dir='ltr'>instructam</span> <span class='ocrx_word' id='word_1_221' title='bbox 399 3689 548 3763; x_wconf 90' lang='lat' dir='ltr'>eminus</span> <span class='ocrx_word' id='word_1_222' title='bbox 581 3692 847 3784; x_wconf 70' lang='lat' dir='ltr'>accedentem,</span> <span class='ocrx_word' id='word_1_223' title='bbox 881 3688 1015 3788; x_wconf 84' lang='lat' dir='ltr'>quibus</span> <span class='ocrx_word' id='word_1_224' title='bbox 1045 3690 1136 3763; x_wconf 89' lang='lat' dir='ltr'>visis</span> <span class='ocrx_word' id='word_1_225' title='bbox 1164 3691 1237 3761; x_wconf 90' lang='lat' dir='ltr'>dux</span> 
     </span>
     <span class='ocr_line' id='line_1_33' title="bbox 139 3790 1239 3889; baseline -0.001 -27"><span class='ocrx_word' id='word_1_226' title='bbox 139 3792 278 3864; x_wconf 90' lang='lat' dir='ltr'>letatus</span> <span class='ocrx_word' id='word_1_227' title='bbox 299 3800 368 3864; x_wconf 90' lang='lat' dir='ltr'>est.</span> <span class='ocrx_word' id='word_1_228' title='bbox 409 3790 619 3866; x_wconf 87' lang='lat' dir='ltr'>Saxonibus</span> <span class='ocrx_word' id='word_1_229' title='bbox 639 3801 850 3889; x_wconf 88' lang='lat' dir='ltr'>augescunt</span> <span class='ocrx_word' id='word_1_230' title='bbox 869 3790 997 3886; x_wconf 64' lang='lat' dir='ltr'>animi,</span> <span class='ocrx_word' id='word_1_231' title='bbox 1015 3790 1239 3888; x_wconf 87' lang='lat' dir='ltr'>sublatoque</span> 
     </span>
     <span class='ocr_line' id='line_1_34' title="bbox 143 3891 1237 3991; baseline 0 -28"><span class='ocrx_word' id='word_1_232' title='bbox 143 3892 309 3965; x_wconf 82' lang='lat' dir='ltr'>clamore</span> <span class='ocrx_word' id='word_1_233' title='bbox 320 3891 495 3989; x_wconf 86' lang='lat' dir='ltr'>aggressi</span> <span class='ocrx_word' id='word_1_234' title='bbox 514 3902 601 3965; x_wconf 87' lang='lat' dir='ltr'>sunt</span> <span class='ocrx_word' id='word_1_235' title='bbox 613 3892 783 3991; x_wconf 88' lang='lat' dir='ltr'>prelium.</span> <span class='ocrx_word' id='word_1_236' title='bbox 810 3892 1043 3990; x_wconf 86' lang='lat' dir='ltr'>Etperrupta</span> <span class='ocrx_word' id='word_1_237' title='bbox 1061 3901 1120 3964; x_wconf 86' lang='lat' dir='ltr'>est</span> <span class='ocrx_word' id='word_1_238' title='bbox 1133 3891 1237 3963; x_wconf 89' lang='lat' dir='ltr'>acies</span> 
     </span>
     <span class='ocr_line' id='line_1_35' title="bbox 143 3991 1239 4093; baseline -0.005 -26"><span class='ocrx_word' id='word_1_239' title='bbox 143 3993 378 4091; x_wconf 78' lang='lat' dir='ltr'>suavorum,</span> <span class='ocrx_word' id='word_1_240' title='bbox 406 3993 624 4093; x_wconf 90' lang='lat' dir='ltr'>disiectique</span> <span class='ocrx_word' id='word_1_241' title='bbox 650 4016 719 4092; x_wconf 90' lang='lat' dir='ltr'>per</span> <span class='ocrx_word' id='word_1_242' title='bbox 737 3993 848 4091; x_wconf 87' lang='lat' dir='ltr'>fuges</span> <span class='ocrx_word' id='word_1_243' title='bbox 875 3992 989 4065; x_wconf 92' lang='lat' dir='ltr'>occisi</span> <span class='ocrx_word' id='word_1_244' title='bbox 1009 3991 1151 4065; x_wconf 87' lang='lat' dir='ltr'>suntin</span> <span class='ocrx_word' id='word_1_245' title='bbox 1172 4015 1239 4063; x_wconf 91' lang='lat' dir='ltr'>ore</span> 
     </span>
    </p>
   </div>
   <div class='ocr_carea' id='block_1_3' title="bbox 141 4172 1241 4395">
    <p class='ocr_par' dir='ltr' id='par_1_3' title="bbox 141 4172 1241 4395">
     <span class='ocr_line' id='line_1_36' title="bbox 145 4172 1241 4247; baseline -0.002 -18"><span class='ocrx_word' id='word_1_246' title='bbox 145 4176 169 4247; x_wconf 78' lang='lat'>1)</span> <span class='ocrx_word' id='word_1_247' title='bbox 184 4180 275 4247; x_wconf 77' lang='lat' dir='ltr'>parari·</span> <span class='ocrx_word' id='word_1_248' title='bbox 289 4180 357 4233; x_wconf 84' lang='lat' dir='ltr'>mori</span> <span class='ocrx_word' id='word_1_249' title='bbox 373 4215 418 4233; x_wconf 87' lang='lat'>...</span> <span class='ocrx_word' id='word_1_250' title='bbox 434 4183 503 4233; x_wconf 76' lang='lat' dir='ltr'>mort</span> <span class='ocrx_word' id='word_1_251' title='bbox 514 4176 629 4247; x_wconf 77' lang='lat' dir='ltr'>sortiter,</span> <span class='ocrx_word' id='word_1_252' title='bbox 649 4177 676 4232; x_wconf 83' lang='lat'>2.</span> <span class='ocrx_word' id='word_1_253' title='bbox 686 4174 808 4231; x_wconf 87' lang='lat' dir='ltr'>Maccab.</span> <span class='ocrx_word' id='word_1_254' title='bbox 820 4194 844 4229; x_wconf 86' lang='lat' dir='ltr'>o.</span> <span class='ocrx_word' id='word_1_255' title='bbox 855 4176 882 4229; x_wconf 85' lang='grc'>7.</span> <span class='ocrx_word' id='word_1_256' title='bbox 894 4175 983 4230; x_wconf 67' lang='lat' dir='ltr'>utet</span> <span class='ocrx_word' id='word_1_257' title='bbox 994 4176 1019 4231; x_wconf 86' lang='grc'>6.</span> <span class='ocrx_word' id='word_1_258' title='bbox 1081 4174 1109 4243; x_wconf 73' lang='grc'>2)</span> <span class='ocrx_word' id='word_1_259' title='bbox 1126 4172 1241 4228; x_wconf 88' lang='lat' dir='ltr'>Schmi-</span> 
     </span>
     <span class='ocr_line' id='line_1_37' title="bbox 142 4246 1241 4322; baseline -0.001 -20"><span class='ocrx_word' id='word_1_260' title='bbox 142 4250 197 4312; x_wconf 86' lang='lat' dir='ltr'>lau,</span> <span class='ocrx_word' id='word_1_261' title='bbox 223 4254 358 4322; x_wconf 81' lang='lat' dir='ltr'>quondam</span> <span class='ocrx_word' id='word_1_262' title='bbox 385 4252 445 4305; x_wconf 82' lang='lat' dir='ltr'>vitta</span> <span class='ocrx_word' id='word_1_263' title='bbox 472 4251 642 4322; x_wconf 81' lang='lat' dir='ltr'>parochialis,</span> <span class='ocrx_word' id='word_1_264' title='bbox 668 4268 741 4305; x_wconf 88' lang='lat' dir='ltr'>nuno</span> <span class='ocrx_word' id='word_1_265' title='bbox 766 4249 794 4301; x_wconf 92' lang='lat' dir='ltr'>in</span> <span class='ocrx_word' id='word_1_266' title='bbox 819 4248 945 4319; x_wconf 82' lang='lat' dir='ltr'>parochio</span> <span class='ocrx_word' id='word_1_267' title='bbox 971 4249 1054 4303; x_wconf 83' lang='lat' dir='ltr'>sancti</span> <span class='ocrx_word' id='word_1_268' title='bbox 1082 4246 1193 4319; x_wconf 84' lang='lat' dir='ltr'>Georgii</span> <span class='ocrx_word' id='word_1_269' title='bbox 1213 4257 1241 4303; x_wconf 88' lang='lat' dir='ltr'>et</span> 
     </span>
     <span class='ocr_line' id='line_1_38' title="bbox 141 4323 896 4395; baseline 0 -18"><span class='ocrx_word' id='word_1_270' title='bbox 141 4326 311 4395; x_wconf 78' lang='lat' dir='ltr'>praefectura</span> <span class='ocrx_word' id='word_1_271' title='bbox 334 4334 360 4377; x_wconf 92' lang='lat' dir='ltr'>et</span> <span class='ocrx_word' id='word_1_272' title='bbox 379 4325 515 4379; x_wconf 80' lang='lat' dir='ltr'>advocatia</span> <span class='ocrx_word' id='word_1_273' title='bbox 536 4323 702 4394; x_wconf 82' lang='lat' dir='ltr'>Recesburg.</span> <span class='ocrx_word' id='word_1_274' title='bbox 894 4327 896 4332; x_wconf 89' lang='lat'>&#39;</span> 
     </span>
    </p>
   </div>
   <div class='ocr_carea' id='block_1_4' title="bbox 0 0 1511 4900">
    <p class='ocr_par' dir='ltr' id='par_1_4' title="bbox 0 0 1511 4900">
     <span class='ocr_line' id='line_1_39' title="bbox 0 0 1511 4900; baseline 0 0"><span class='ocrx_word' id='word_1_275' title='bbox 0 0 1511 4900; x_wconf 95' lang='lat' dir='ltr'> </span> 
     </span>
    </p>
   </div>
  </div>
 </body>
</html>
