3000 4900
294 417 367 505 208
418 417 660 493 HELMOLDl
681 419 920 494 crinorum
939 418 1205 495 SLAVORUM.
1238 420 1324 493 LlB.
1343 419 1385 493 ll.
1461 364 1463 426 l

202 631 209 637 ·
294 616 515 717 principum.
539 621 704 693 llerebat
721 621 869 695 interim
886 620 1106 720 superficies
1122 620 1383 718 amicitiarum,

295 728 333 791 et
350 744 423 816 pax
442 725 599 795 sonabat
617 722 653 795 in
672 722 807 796 verbis.
852 726 1146 821 verumptamen
1170 732 1293 798 castra
1318 746 1386 795 sna

293 820 450 919 Vriborg
463 823 702 921 etH0reborg
716 823 949 919 'communire
966 823 1064 922 cepit
1076 823 1383 921 archiepiscopus

294 932 331 993 et
357 923 549 1019 congessit
576 923 650 997 illic
672 935 894 1023 apparatum
918 949 1108 999 armorum
1136 936 1173 997 et
1199 948 1383 1020 oscarum⁷

294 1047 367 1119 que
386 1022 604 1098 sufficerent
622 1024 658 1096 in
679 1050 833 1099 menses
853 1037 889 1101 et
912 1050 1044 1100 annos.

369 1121 403 1198 9.
421 1124 597 1217 Expulsa'o
613 1126 776 1208 Conrndi
793 1129 961 1221 episcopi.
988 1128 1093 1216 Circa
1108 1127 1179 1199 hos
1195 1124 1276 1199 dies
1292 1126 1380 1205 Con·

292 1226 405 1297 radus
422 1224 822 1301 Lubice'nsisecclesie
836 1229 1037 1327 episcopus
1053 1231 1269 1301 morabatur
1288 1228 1379 1323 apud
1470 1269 1472 1290 ι

295 1326 621 1425 archiepiscopum
637 1339 674 1401 et
689 1332 877 1426 pendebat
892 1330 1026 1428 inipso
1043 1352 1191 1423 summa
1208 1326 1381 1399 consiliil.
1471 1327 1474 1364 ²

293 1427 338 1499 Et
355 1428 540 1525 perlatum
560 1439 618 1507 est
637 1432 681 1502 ad
701 1428 849 1527 ducem,
874 1432 1052 1528 quianon
1073 1431 1229 1503 sentiret
1248 1452 1294 1501 ea
1313 1451 1382 1525 que

294 1528 398 1625 pacis
418 1529 540 1624 sunt²‚
558 1533 626 1602 sed
646 1555 717 1627 que
737 1534 782 1604 ad
802 1533 1096 1605 destructionem
1111 1530 1229 1625 ducis,
1248 1540 1286 1601 et
1299 1528 1384 1626 quia

295 1628 466 1725 suggerit
490 1630 786 1729 archiepiscopo,
812 1643 852 1704 ut
874 1643 1045 1705 transeat
1070 1633 1114 1704 ad
1134 1629 1322 1729 principes
1349 1639 1385 1702 et

294 1730 484 1804 rescindat
510 1732 706 1826 amicitias,
734 1756 827 1830 quas
853 1734 1049 1833 pepigerat
1068 1757 1152 1805 cnm
1171 1734 1276 1805 duce.
1316 1734 1386 1803 Vo-

295 1830 378 1905 lens
405 1831 518 1928 igitur
543 1835 616 1905 dux
642 1857 723 1905 rem
749 1834 887 1908 certius
908 1858 1036 1932 nosse,
1062 1832 1210 1907 vocavit
1229 1856 1316 1905 eum
1339 1834 1385 1905 ad

296 1932 519 2032 colloquium
540 1934 812 2033 Ertheneburg.
843 1937 890 2008 At
912 1935 973 2007 ille
995 1935 1186 2008 declinans
1206 1932 1301 2005 iram
1321 1941 1386 2031 poi

294 2034 422 2130 tentis,
437 2034 634 2109 declinavit
652 2035 688 2107 in
699 2037 726 2108 F
728 2036 866 2109 resiam
885 2036 998 2109 veluti
1017 2037 1178 2133 fungens
1196 2033 1385 2131 legatione

257 2196 263 2205 .
295 2134 580 2233 archiepiscopi.
634 2137 756 2224 Quem
788 2141 940 2215 demum
969 2140 1192 2227 redeuntem
1223 2139 1297 2208 dux
1329 2158 1388 2207 se·
1473 2162 1474 2167 ¹

296 2238 415 2312 cundo
439 2237 595 2310 vocavit.
637 2239 831 2314 Conductu
858 2262 949 2335 ergo
969 2238 1094 2311 domni
1113 2236 1386 2333 archiepiscopi
1482 2286 1483 2325 p

296 2346 333 2409 et
352 2337 477 2419 domni
494 2336 677 2422 Bernonis
697 2338 976 2439 Magnipolitani
1003 2336 1166 2415 occurrit¹
1186 2336 1266 2414 duci
1286 2340 1383 2433 apud

177 2470 181 2478 ·
296 2438 477 2535 Staidhen⁷
503 2440 695 2514 auditurus
720 2445 887 2516 verbum¹
904 2440 996 2516 eius.
1038 2440 1083 2516 Et
1101 2436 1274 2514 convenit
1296 2462 1382 2509 eum

295 2543 369 2612 dux
395 2564 510 2638 super
533 2542 603 2614 hiis
623 2567 695 2639 que
714 2545 760 2615 ad
779 2543 903 2642 ipsum
923 2543 1066 2641 perlata
1085 2543 1245 2636 fuerant,
1272 2539 1387 2637 quali·
1472 2547 1473 2593 ³

294 2651 353 2713 ter
381 2641 530 2728 scilicet,
546 2644 668 2717 verbis
695 2645 804 2717 malis
830 2644 1068 2740 derogaverit
1094 2640 1227 2717 honori
1255 2665 1323 2714 sno
1351 2650 1388 2712 et

295 2742 438 2816 dederit
456 2743 651 2816 consilium
669 2747 851 2818 adversus
871 2744 1014 2819 eumin
1035 2744 1185 2816 malum.
1218 2739 1388 2817 Affirmat

295 2843 510 2942 episcopus,
530 2869 572 2917 se
588 2845 678 2918 nihil
692 2846 828 2919 horum
843 2869 1128 2944 recognoscere.
1154 2843 1279 2916 Multis
1295 2866 1386 2938 ergo
1472 2866 1475 2902 ·,

294 2945 419 3018 verbis
447 2946 533 3018 hinc
559 2957 595 3018 et
619 2947 704 3019 inde
727 2947 878 3046 habitis,
905 2947 1060 3046 cupiens
1088 2948 1158 3018 dux
1186 2944 1387 3018 convulsas
1471 3018 1474 3033 ,

295 3046 478 3119 amicitias
504 3048 688 3121 resarcire
716 3059 753 3121 et
778 3049 998 3148 episcopum
1023 3047 1098 3120 iarn
1124 3047 1213 3118 olim
1241 3043 1310 3118 sibi
1335 3043 1385 3116 di·

176 3243 177 3246 *
273 3147 434 3221 lectum
463 3148 632 3222 tenacius
662 3150 860 3247 colligere‚
880 3150 985 3246 ¹cepit
1013 3154 1056 3222 ab
1086 3173 1130 3222 eo
1156 3144 1386 3219 familiariter
1470 3204 1473 3246 p

296 3247 448 3344 exigere
476 3249 630 3322 hominii
657 3250 836 3346 debitum,
860 3254 956 3347 quod
983 3248 1052 3323 sibi
1072 3248 1255 3347 imperiali
1274 3249 1388 3319 dona·
1470 3247 1473 3331 j

294 3348 395 3422 tione
420 3350 649 3448 permissum
677 3351 712 3423 in
740 3350 994 3450 superioribus
1022 3362 1219 3424 ostensum
1247 3358 1318 3442 est,
1348 3346 1387 3418 in

296 3449 367 3524 hiis
401 3450 818 3548 videlicetsclavorum
846 3452 1057 3550 provinciis·
1079 3475 1172 3549 quos
1198 3450 1280 3548 ipse
1307 3449 1389 3521 iure

295 3551 394 3632 belli,-
406 3552 447 3627 in'
461 3553 589 3651 ¹clipeo
608 3566 677 3644 suo
697 3547 887 3651 ‹it-gladio
904 3551 1164 3653 possederatl.¹
1188 3553 1258 3624 -Ad
1275 3549 1389 3636 huius
1469 3643 1473 3660 ι

294 3649 1389 3756 propositionisverbumuir'magnanimusresiliit,dicens:
1469 3664 1473 3712 ’τ

296 3755 589 3834 modicam'esse
608 3752 746 3853 stipem
767 3756 927 3831 ecclesie
945 3780 1029 3848 sue,
1049 3777 1240 3852 nunqnam
1260 3776 1302 3824 se
1320 3753 1390 3822 hu·
1472 3751 1473 3810 l

296 3857 353 3933 ius
371 3857 504 3936 intuitu
522 3857 733 3930 libertatem
761 3882 869 3931 suam
889 3854 1156 3955 occupaturum
1180 3865 1244 3926 aut
1268 3853 1390 3926 cuius-
1472 3951 1473 3954 Ἴ

298 4017 450 4124 illiadem
475 4058 533 4112 lere
556 4061 636 4112 rerba
662 4026 780 4128 reperies
807 4062 876 4130 apud
899 4057 1032 4114 aldamum
1058 4055 1199 4112 Bremens.
1225 4027 1242 4108 l
1264 4053 1299 4107 ll.
1327 4053 1388 4107 cll
1474 4027 1475 4066 t

296 4130 358 4184 coll.
378 4133 395 4185 l.
416 4129 463 4184 lll.
484 4149 507 4184 c.
527 4131 572 4184 33.
591 4142 647 4188 not.
668 4133 713 4186 76.
805 4131 833 4203 2)
855 4129 886 4184 V.
906 4127 986 4202 supra
1007 4149 1065 4200 cap.
1084 4130 1130 4184 49.
1151 4149 1177 4200 p.
1201 4129 1260 4181 102.
1280 4135 1336 4180 not.
1356 4125 1387 4188 4;
1474 4125 1475 4146 ³

296 4222 394 4272 repara
413 4220 480 4276 qnae
496 4211 573 4275 pacis
590 4212 660 4269 urat,
680 4204 727 4260 Er.
748 4205 837 4260 Lucae
856 4225 879 4258 c.
902 4205 943 4258 14.
963 4223 988 4256 v.
1008 4203 1053 4256 32.
1129 4204 1155 4274 3)
1175 4202 1236 4256 Vid.
1254 4198 1390 4258 l.l.c.87.
1476 4245 1477 4248 ,

297 4275 427 4332 Similiter
445 4278 525 4332 losue
543 4278 589 4342 24,
612 4279 645 4330 12
664 4285 691 4334 in
708 4282 798 4349 plauto
819 4286 845 4336 el
864 4284 891 4334 ln
910 4295 984 4334 arcu.
1477 4295 1478 4304 ¹
