3000 4900
287 432 360 506 202
413 427 655 503 subnoto}
674 428 914 534 CHRONICA
933 426 1198 501 SLAVORUM.
1234 425 1319 500 LlB.
1335 425 1377 501 ll.

286 628 1378 727 daverantabbatiaminmemoriarnpatrissui,Wertizlavi,

286 732 348 831 qui
375 732 511 807 ibidem
539 744 576 805 et
603 732 749 805 occisus
780 740 818 804 et
844 732 1014 830 sepultus
1040 742 1108 804 est.
1150 730 1215 803 llle
1234 731 1378 829 primus

284 837 382 926 iuter
409 836 522 907 duces
548 835 841 909 Pomeranorum
874 856 1081 905 conversus
1107 843 1164 905 est
1192 835 1237 904 ad
1262 830 1377 903 fidem

284 959 353 1032 per
371 958 505 1009 manus
525 934 754 1007 sanctissimi
773 932 934 1029 Ottonis,
953 932 1280 1030 Bavenbergensis
1300 932 1378 1030 epi·

121 1045 124 1046 *
238 1106 240 1112 ,
284 1036 403 1133 scopi,
430 1047 467 1108 et
492 1036 574 1133 ipse
601 1035 770 1107 fundavit
789 1034 1047 1132 episcopatum
1072 1033 1234 1107 Uznam¹
1259 1043 1296 1107 et
1314 1036 1389 1105 ad··

284 1137 387 1210 misit
406 1137 546 1208 cultum
566 1134 769 1209 christiane
788 1135 979 1232 religionis
995 1136 1186 1208 interram
1202 1136 1378 1207 Pomera-

284 1262 417 1310 norum
428 1235 453 1315 ².
483 1237 572 1310 llluc
589 1236 701 1334 igitur
718 1236 891 1335 pervenit
906 1234 1091 1309 exercitus
1107 1236 1225 1332 ducis,
1245 1246 1283 1307 et
1300 1259 1377 1307 non

285 1349 366 1412 erat
392 1337 454 1436 qui
481 1339 687 1415 resisteret.
730 1338 854 1411 Sclavi
881 1336 981 1410 enim
1007 1361 1161 1435 semper
1179 1337 1274 1409 ultra
1294 1360 1378 1435 pro-

283 1438 499 1537 gredientes
519 1439 764 1537 diffugiebant
782 1464 803 1513 a
822 1438 918 1511 facie
942 1438 1061 1536 duem,
1086 1462 1273 1536 nusquam
1293 1436 1377 1511 ausi

283 1542 491 1615 subsistere
512 1566 577 1637 pre
596 1539 793 1612 formidine
812 1538 919 1612 faciei
940 1539 1031 1613 eius.
1073 1542 1108 1562 ²

359 1644 394 1715 5.
412 1640 628 1734 Sepulcrum
644 1640 764 1731 Adolfi
782 1642 934 1713 comitis.
974 1641 1012 1711 ln
1033 1639 1163 1713 diebus
1182 1638 1253 1712 illis
1274 1638 1375 1711 venit

182 1779 185 1782 ·
283 1741 441 1815 nuncius
460 1742 497 1813 in
516 1753 655 1814 terram
670 1742 902 1838 sclavorum,
921 1741 983 1838 qui
997 1741 1138 1815 diceret
1152 1740 1255 1812 duci:
1281 1740 1368 1811 Ecce
1489 1768 1490 1787 ¹

283 1841 428 1939 leputas
447 1845 542 1939 repis
566 1840 714 1916 Grecie³
734 1865 823 1922 ,cum
845 1839 960 1915 multo
979 1844 1153 1915 comitata
1170 1842 1267 1913 venit
1283 1840 1371 1911 Bra·
1489 1874 1490 1889 ÷

282 1943 445 2038 acenteta,
458 1942 559 2041 loqui
572 1944 646 2017 tibi.
673 1946 729 2017 Ad
743 1944 844 2017 hunc
861 1943 1085 2017 audiendum
1101 1945 1175 2016 dux
1193 1965 1374 2039 egressus
1489 1940 1490 2033 f

283 2045 561 2142 cstSclaviam7
588 2044 730 2119 omisso
757 2044 921 2117 exercitu
948 2054 985 2117 et
1012 2042 1206 2143 prosperis
1226 2042 1377 2141 expedi·
1489 2034 1490 2125 l

280 2145 392 2219 tionis
412 2146 663 2221 successibus.
689 2144 861 2242 Alioquin
882 2156 1035 2244 propter
1052 2154 1245 2218 recentem
1261 2145 1377 2215 victo·
1489 2132 1490 2153 ¹

282 2247 376 2319 riam
397 2257 435 2321 et
451 2247 633 2345 impetum
661 2246 823 2325 faventis
846 2246 991 2319 fortune
1011 2270 1123 2319 omne
1142 2249 1253 2319 robur
1269 2244 1376 2318 Scla-

281 2372 415 2421 vorum
446 2348 747 2447 consumpsisset
779 2372 898 2443 usque
931 2347 969 2418 in
1004 2346 1118 2419 finem
1152 2345 1374 2419 obiecisset

281 2460 381 2522 terre
406 2452 721 2544 pomeranorum,
748 2448 845 2522 sicut
868 2451 957 2521 fecit
982 2458 1083 2521 terre
1108 2445 1373 2523 Obotritorum.

282 2550 413 2626 Omnis
433 2551 545 2647 igitur
557 2561 656 2623 terra
678 2551 930 2625 Obotritorum
955 2561 992 2622 et
1014 2548 1167 2622 finitima
1183 2547 1374 2645 regiones,

281 2677 354 2750 que
367 2653 557 2750 pertinent
570 2654 615 2724 ad
630 2676 789 2748 regnum
799 2652 1065 2746 Obotritorum⁷
1077 2650 1237 2724 assiduis
1253 2648 1374 2745 bellis,

281 2754 444 2826 maxime
459 2777 546 2826 vero
562 2754 634 2824 hoc
651 2752 858 2826 novissimo
880 2752 975 2824 bello
990 2751 1066 2824 t'ota
1080 2750 1117 2823 in
1133 2751 1374 2824 solitudinem

280 2858 430 2928 redacta
452 2853 701 2949 osb-Domino
722 2853 864 2926 scilicet
883 2853 1033 2926 favente
1050 2863 1086 2926 et
1101 2855 1270 2927 dextram
1284 2850 1373 2949 piis-

281 2955 365 3029 simi
392 2956 497 3030 ducis
524 2980 678 3053 semper
702 2955 946 3027 confortante.
992 2953 1032 3026 Si
1059 2978 1130 3051 que
1151 2954 1372 3028 Sclavorum

281 3067 449 3130 extreme
465 3067 726 3129 remanserant
738 3055 906 3153 reliquie,
926 3065 1078 3153 propter
1092 3053 1240 3127 annone
1257 3079 1369 3152 penu-

280 3158 375 3229 riam
399 3169 436 3229 et
458 3181 634 3254 agrorum
655 3157 908 3244 desolationes
931 3166 1035 3228 tauta
1063 3155 1185 3228 inedia
1212 3154 1371 3228 confecti

280 3268 382 3352 sunt,
407 3268 447 3330 ut
465 3254 750 3354 congregatim‘l
769 3259 812 3329 ad
834 3259 1061 3330 Pomeranos
1082 3256 1162 3329 sive
1182 3260 1226 3330 ad
1246 3258 1373 3330 Dauos

279 3359 412 3456 fugere
427 3370 664 3457 cogerentun
675 3383 769 3456 quos
781 3357 830 3431 illi
846 3357 958 3430 nichil
973 3357 1197 3432 miserantes
1210 3358 1373 3452 polanis,

280 3460 433 3534 Sorobis
451 3472 563 3558 atque
581 3460 731 3532 Boemis
750 3459 1006 3532 vendiderunt.

354 3563 557 3658 Postquam
575 3561 689 3658 igitur
706 3564 778 3633 dux
795 3561 925 3634 exiens
940 3559 1086 3634 Sclavia
1107 3559 1246 3633 dimisit
1265 3583 1372 3632 exer·

280 3661 407 3758 citum,
435 3687 727 3760 unumquenque
752 3662 789 3734 in
816 3687 898 3760 sua,
925 3686 1060 3760 corpus
1079 3659 1197 3734 Adolfi
1224 3660 1372 3735 comitis

278 3764 463 3862 perlatum
490 3775 550 3838 est
566 3763 706 3837 lldindin
727 3763 851 3861 ibique
872 3773 1002 3836 sancta
1022 3763 1222 3836 devotione
1242 3786 1374 3834 recon-

280 3864 429 3943 ditant.
461 3865 668 3940 Cometiam
689 3888 779 3937 vero
797 3864 916 3936 tenuit
935 3863 1142 3938 llllachtildis
1160 3864 1269 3937 vidua
1290 3863 1371 3936 eius

280 3990 366 4038 curn
384 3965 458 4039 lilio
478 3966 626 4039 tenello.
653 3968 697 4039 Et
714 3966 910 4039 immutata
927 3977 984 4038 est
1001 3966 1115 4038 facies
1131 3975 1230 4037 terre
1247 3965 1372 4060 huius⁷

280 4071 442 4164 eoquod
470 4067 610 4141 iustitia
637 4079 675 4140 et
693 4067 799 4165 quies
820 4068 1079 4159 ecclesiarum7
1108 4068 1253 4140 sublato
1273 4069 1371 4140 bono

225 4205 228 4210 ¹
282 4220 306 4288 l)
328 4219 451 4275 Usedorn.
524 4223 552 4293 2)
572 4221 614 4278 Cl.
634 4241 713 4293 supra
734 4223 752 4277 Ι.
774 4220 793 4276 Ι.
813 4241 870 4292 cap.
887 4221 921 4273 lo
937 4223 954 4274 l.
1029 4220 1055 4292 3)
1074 4219 1209 4276 Manuelis
1229 4218 1370 4274 Coruneui.

279 4294 306 4363 l)
327 4295 344 4348 i.
364 4313 388 4350 e,
409 4296 548 4366 gregatim.
622 4297 649 4368 5)
668 4295 710 4350 Cl.
731 4297 802 4350 Αιιιι.
822 4295 957 4366 Egmund.
977 4312 1056 4364 supra
1077 4296 1207 4350 laudatos.
