3000 4900
121 436 365 514 nubuntur
385 435 623 511 CHRONICA
642 433 908 511 sLAvoRon.
944 435 1028 509 LlB.
1043 435 1084 508 ΙΙ.
1136 435 1209 509 203

122 652 295 739 patrono,
321 639 471 737 penitus
489 636 676 711 infirmata
693 638 890 713 videretur.
925 638 1010 736 lpso
1032 635 1131 710 enirn
1151 661 1212 709 su·

126 742 282 839 perstite
297 740 524 814 cleronichil
539 744 684 835 durum,
699 740 811 811 nichil
822 764 999 837 asperum
1010 739 1213 811 videbatur.

124 844 265 917 Tantus
293 852 373 915 erat
392 841 478 938 lide,
498 841 674 937 bonitate,
697 842 891 939 prudentia
912 851 1024 939 atque
1044 838 1212 934 consilio,

41 1009 44 1017 .
123 954 166 1018 ut
191 943 378 1016 universis
410 942 598 1016 videretur
629 953 864 1014 constructus
892 942 1097 1015 virtutibus
1146 940 1223 1015 llio.

124 1070 221 1117 unus
242 1049 286 1119 de
301 1044 541 1119 bellatoribus
556 1043 717 1139 Domini,
736 1054 774 1118 et
793 1053 894 1117 certe
913 1068 987 1115 non
1006 1042 1156 1115 infimus
1176 1040 1213 1112 in

124 1144 287 1217 funiculo
320 1146 430 1219 sortis
456 1141 545 1217 sue¹
567 1142 665 1217 utilis
694 1144 868 1217 inventus
896 1156 975 1241 est,
1002 1143 1213 1241 exstirpans

126 1246 333 1321 idololatris
357 1244 643 1344 superstitiones
663 1255 702 1317 et
719 1245 861 1318 faciens
882 1270 976 1343 opus
995 1268 1093 1317 nove
1110 1244 1216 1343 plan-

125 1348 291 1445 tationis,
310 1351 405 1446 quod
425 1345 621 1419 fructificet
637 1346 675 1419 in
695 1346 881 1419 salutem.'
902 1344 1114 1419 Novissime
1134 1367 1217 1442 per-

126 1460 210 1523 acto
238 1450 322 1523 boni
347 1448 488 1522 itineris
517 1472 630 1519 cursu
657 1448 829 1545 pervenit
855 1450 900 1521 ad
926 1447 1104 1545 palmam,
1133 1468 1216 1542 por·

127 1560 287 1649 tansque
312 1550 447 1622 vexilla
473 1548 509 1620 in
536 1547 667 1621 castris
696 1548 844 1623 Domini
869 1548 972 1622 stetit
997 1571 1063 1645 pro
1091 1546 1217 1619 delen·

127 1652 235 1725 sione
254 1651 372 1750 patrie
391 1660 430 1724 et
442 1649 514 1723 fide
528 1649 736 1748 principum
753 1673 872 1748 usque
888 1652 932 1721 ad
948 1658 1120 1721 rnortern.
1146 1647 1218 1719 Ro·
1325 1661 1327 1666 '

126 1764 252 1850 gatus,
270 1762 311 1825 ut
327 1751 403 1825 vite
422 1751 636 1824 consuleret
653 1751 741 1847 luge
761 1750 996 1849 compendio,
1006 1738 1219 1823 'vehemen-

127 1866 186 1927 ter
211 1858 420 1927 detestatus
446 1862 516 1948 est,
542 1850 714 1925 manibus
733 1876 907 1949 pugnans
926 1862 964 1925 et
980 1874 1075 1923 voce
1092 1846 1220 1923 Domi·

129 1979 221 2027 num
254 1978 389 2049 orans,
422 1962 584 2027 mortem
616 1950 775 2025 libenter
815 1952 961 2051 excepit
992 1955 1038 2025 ob
1070 1948 1217 2024 virtutis

130 2080 310 2130 amorem.
346 2053 463 2129 Huius
483 2052 710 2126 einulatione
728 2050 894 2151 instigati
909 2054 1074 2127 illustres
1090 2047 1159 2123 viri
1181 2058 1220 2122 et

15 2179 16 2244 j
133 2158 259 2253 optimi
285 2156 388 2231 ducis
408 2154 495 2229 boni
516 2153 712 2252 satellites,
730 2154 960 2228 Guncelinus
978 2165 1090 2250 atque
1104 2152 1220 2225 Bern-

135 2258 283 2354 hardus,
305 2281 464 2356 quorum
491 2281 586 2328 unus
609 2256 758 2351 Zverin,
783 2257 877 2329 alter
899 2256 1116 2351 Racesburg
1137 2275 1220 2350 pre·

133 2371 224 2458 erat,
242 2361 413 2445 fecerunt
431 2368 469 2431 et
489 2357 559 2456 ipsi
580 2382 675 2455 opus
695 2362 847 2456 bonum,
864 2356 901 2429 in
925 2355 1087 2429 funiculo
1103 2352 1219 2452 partis

132 2464 224 2534 sue¹
245 2463 427 2534 bellantes
452 2458 569 2557 prelia
592 2458 762 2555 Domini,
775 2470 815 2530 ut
833 2459 1077 2532 suscitaretur
1098 2455 1219 2527 cultus

15 2637 16 2671 ,
131 2565 265 2635 domus
285 2561 353 2634 Dei
372 2561 488 2633 nostri
507 2559 544 2631 in
563 2571 677 2656 gente
696 2561 886 2634 incredula
907 2573 943 2632 et
960 2557 1165 2632 idololatra.

207 2669 240 2740 6.
258 2664 490 2737 restaurato
504 2660 636 2734 Dimin.
661 2661 885 2734 Pribizlavus
901 2685 991 2756 ergo
1007 2655 1220 2733 rebellionis

132 2774 275 2861 auctor,
294 2774 450 2862 paterne
470 2763 685 2834 hereditatis
705 2763 826 2836 factus
846 2762 1018 2857 extorriS,
1041 2757 1222 2832 consiste-

133 2870 196 2961 bat
226 2868 324 2963 apud
356 2867 470 2937 duces
506 2865 799 2936 Pomeranorurn
825 2865 1076 2937 Kazemarurn
1109 2869 1222 2956 atque

133 2966 429 3063 Buggeslavum,
450 2975 703 3063 ceperuntque
722 2964 939 3038 reedificare
958 2963 1094 3036 Dirnin.
1132 2960 1222 3033 Inde

132 3069 350 3166 frequenter
375 3068 503 3140 exiens
529 3066 754 3140 Pribizlavas
783 3090 850 3163 per
866 3066 1020 3139 insidias
1038 3061 1223 3164 percutie-

134 3173 198 3241 bat
213 3168 308 3241 fines
319 3169 453 3242 Zverin
469 3178 581 3266 atque
591 3169 823 3265 Racesburg,
839 3177 876 3240 et
889 3168 972 3240 tulit
986 3159 1224 3264 captionenr²

136 3270 291 3342 multam
309 3281 386 3342 tarn
406 3273 451 3342 de
469 3271 681 3361 hominibus
702 3295 813 3367 quarn
833 3272 878 3342 de
892 3270 1078 3342 iumentis.
1111 3265 1223 3340 Cuius

137 3371 276 3443 exitum
303 3375 547 3443 observantes
575 3371 805 3444 Guncelinus
832 3380 944 3468 atque
971 3368 1225 3461 bernhardus,

137 3477 354 3570 pugnabant
379 3471 513 3570 etipsi
540 3476 585 3544 de
611 3471 767 3566 insidiis,
793 3481 829 3542 et
849 3469 1053 3543 commissa
1080 3471 1225 3540 creber·

136 3573 231 3646 rima
250 3597 376 3671 pugna
395 3597 548 3670 scrnper
562 3572 738 3645 meliores
754 3572 894 3644 inventi
911 3582 1011 3667 sunt,
1031 3589 1226 3670 quousque

137 3675 292 3772 perditis
324 3674 535 3746 fortioribus
560 3673 649 3747 viris
683 3683 721 3747 et
748 3673 853 3770 equis
882 3673 1106 3746 Pribizlavus
1135 3667 1227 3740 nihil
1282 3729 1285 3737 s

137 3776 211 3848 iam
238 3785 369 3875 posset
395 3775 527 3846 moliri.
568 3775 612 3846 Et
639 3775 810 3848 dixerunt
827 3776 872 3847 ad
893 3798 978 3846 curn
997 3773 1226 3845 Kazernarus

15 3894 16 3953 ἶ
141 3888 179 3950 et
195 3878 479 3976 Boggezlavus:
516 3874 562 3976 Si]
581 3876 645 3949 tibi
657 3875 783 3971 placet
801 3874 966 3947 habiture
990 3873 1178 3947 nobiscum
1196 3876 1229 3942 el

140 3981 195 4050 uti
209 3978 409 4052 diversorio
425 3983 564 4072 nostro,
579 4000 677 4073 cave,
691 4001 735 4050 ne
749 3975 918 4064 offendas
931 3975 1058 4049 oculos
1066 3977 1229 4048 virorum

141 4077 282 4175 ducis3,
300 4080 463 4177 alioquin
471 4078 761 4182 propellemuslte
775 4077 818 4150 de
831 4077 962 4168 finibus
975 4077 1120 4150 nostris.
1147 4075 1229 4148 lum

145 4234 169 4305 l)
188 4233 223 4289 V.
235 4234 280 4287 lib.
292 4234 314 4288 l.
331 4235 436 4305 cap.88
453 4235 480 4287 in
562 4235 590 4301 2)
609 4235 627 4288 i.
640 4253 665 4288 e.
685 4233 811 4303 captivos,
833 4233 923 4288 Gerrn.
942 4233 1023 4306 Fortq.
1097 4232 1123 4303 3)
1137 4233 1160 4286 l.
1175 4231 1230 4286 Sa-

143 4308 223 4362 muel.
241 4309 287 4373 aa,
306 4309 337 4360 7:
367 4309 425 4364 lton
438 4307 558 4376 offendes
576 4311 665 4364 orabo·
684 4313 860 4379 satraparum.
