3000 4900
281 432 356 506 190
408 430 654 505 HELMOLDI
673 430 915 506 CHRONICA
933 429 1201 507 SLAVORUM.
1227 433 1314 508 mu.
1335 433 1359 506 l.

277 642 387 706 esset
418 655 614 706 onerosus.
655 633 858 705 Paternum
879 656 1028 731 quoque
1035 657 1188 748 gerens
1207 635 1385 708 sollicito

280 732 421 846 dinem,
438 732 525 806 filiis
545 732 625 806 suis
640 736 875 807 abundanter
890 734 1061 831 erogavit
1077 735 1218 808 monita
1236 736 1382 834 salutis,

278 834 451 907 errantes
472 834 667 931 corrigens
687 844 725 909 et
744 833 937 908 discordes
957 858 1200 933 compacans,
1219 840 1382 935 prebens

276 934 395 1008 etiam
409 933 707 1007 confirmationis
725 934 902 1031 gratiam,
917 936 1037 1009 sicubi
1053 958 1215 1009 necesse
1232 936 1383 1011 fuisset.

277 1034 415 1109 Forum
441 1035 555 1108 etiam
575 1034 777 1128 Plunense,
802 1038 899 1131 quod
927 1034 1086 1133 singulis
1109 1036 1240 1111 diebus
1260 1039 1379 1112 domi·

280 1136 374 1209 nicis
401 1137 711 1233 frequentabatur
736 1160 757 1207 a
778 1135 930 1209 Sclavis
962 1148 999 1210 et
1027 1161 1047 1209 a
1076 1137 1311 1236 Saxonibus,
1343 1138 1381 1211 in

279 1240 394 1310 verbo
406 1236 554 1311 Domini
572 1236 772 1333 prohibuit,
790 1259 834 1308 eo
835 1237 1124 1350 quodpopulus
1140 1238 1381 1337 christianus,

276 1341 431 1413 deserto
447 1338 546 1410 cultu
562 1336 724 1410 ecclesie
740 1346 778 1409 et
793 1336 995 1411 missarum
1012 1338 1262 1453 sollempniis,
1281 1364 1381 1414 mer-

278 1439 487 1514 cationibus
512 1447 659 1511 tantum
687 1461 843 1537 operam
872 1441 988 1512 daret
1027 1440 1132 1512 llanc
1158 1439 1271 1537 igitur
1297 1465 1381 1539 per-

276 1541 485 1613 maximam
510 1538 760 1611 idololatriam
788 1548 916 1638 preter
936 1541 1140 1613 multorum
1163 1541 1381 1638 opinionem

275 1640 394 1713 animi
422 1639 633 1712 constantia
661 1639 865 1736 destruxit,
891 1640 1106 1738 precipiens
1135 1645 1202 1713 sub
1223 1643 1380 1715 anathe-

282 1741 394 1814 matis
424 1739 667 1834 districtione,
694 1764 742 1813 ne
771 1739 853 1837 quis
876 1744 922 1813 de
942 1751 1068 1813 cetero
1089 1742 1291 1815 suscitaret
1308 1742 1382 1814 rui·

277 1866 348 1915 nas
370 1841 461 1914 eius.
493 1842 539 1914 Et
559 1851 817 1913 convenerunt
835 1841 962 1940 populi
983 1845 1028 1914 de
1048 1852 1175 1915 cetero
1194 1844 1241 1915 ad
1262 1843 1382 1916 eccle·

279 1944 370 2040 sias,
387 1943 516 2015 audire
535 1945 692 2013 verbum
707 1941 775 2014 Dei
796 1952 833 2014 et
850 1940 1038 2015 iuteresse
1056 1943 1174 2016 sacris
1189 1943 1381 2017 misteriis.

277 2045 508 2119 Perlustrata
536 2042 652 2139 igitur
669 2042 771 2113 omui
791 2042 989 2139 parrochia
1009 2068 1092 2140 sua,
1117 2046 1279 2117 domnus
1304 2046 1380 2143 epi-

278 2169 419 2244 scopus
435 2142 649 2215 novissime
678 2142 781 2214 venit
805 2143 1061 2257 Lutelenburg
1086 2145 1272 2217 consolari
1301 2170 1380 2218 ma·

276 2256 413 2319 nentes
440 2243 527 2356 illic,
548 2243 783 2341 expletisque
802 2243 936 2317 divinis
957 2244 1150 2358 misteriis,
1168 2246 1275 2343 quasi
1296 2270 1380 2344 per·
1489 2302 1490 2333 ,

273 2357 363 2420 acto
383 2344 542 2442 negocio
569 2343 709 2417 viribus
730 2344 897 2441 corporis
918 2346 1019 2459 cepit
1036 2356 1194 2444 repente
1213 2346 1379 2443 destitui,

276 2449 522 2548 perlatusque
555 2445 705 2519 Bozove
743 2446 869 2519 multis
898 2445 1027 2521 diebus
1059 2447 1157 2521 lecto
1192 2448 1378 2522 decubuit.

276 2551 478 2662 Nunquam
510 2557 638 2619 tamen
674 2547 878 2619 missarum
907 2548 1160 2662 sollempniis
1177 2573 1298 2647 usque
1332 2552 1380 2621 ad
1488 2589 1489 2656 3

276 2651 378 2724 diem
396 2649 518 2722 obitus
535 2672 593 2721 sur
584 2646 738 2721 defuit.
766 2647 901 2720 Fateor
918 2673 994 2720 non
1007 2648 1230 2722 meminisse
1250 2673 1312 2722 me
1327 2649 1379 2721 vi·

274 2751 380 2825 disse
401 2749 522 2821 virum
542 2748 665 2845 magis
681 2747 927 2822 exercitatum
947 2749 984 2821 in
1003 2749 1127 2822 divino
1147 2748 1286 2843 officio,
1304 2750 1379 2823 fre·

270 2848 1379 2951 quentioreminpsalmodiaetvigiliamatutina,benignio·
1487 2901 1488 2938 ᾖ

276 2977 358 3026 rem
387 2953 501 3047 clero,
522 2974 634 3048 quem
663 2974 735 3023 nec
758 2955 874 3024 verbo
903 2975 1041 3050 passus
1068 2961 1127 3025 est
1146 2975 1167 3023 a
1186 2975 1376 3049 quoquam
1487 2945 1488 3027 i

276 3051 482 3127 molestari.
508 3051 576 3123 Hic
590 3054 779 3149 quandam
794 3051 966 3125 laicalem
982 3075 1187 3151 personam
1198 3052 1376 3124 clericum

272 3154 598 3251 calumpniantem
621 3153 709 3224 lecit
732 3152 916 3226 acerrime
938 3153 1095 3250 plagari,
1122 3155 1215 3226 dans
1238 3153 1376 3226 ceteris
1486 3217 1487 3244 ,

273 3255 495 3352 exemplum
520 3262 561 3324 ut
588 3252 779 3326 discerent
812 3277 885 3325 non
921 3253 1199 3352 blasphemare.
1241 3253 1377 3326 Audita
1486 3245 1487 3262 ¹

276 3354 390 3452 igitur
400 3353 486 3430 boni
499 3353 661 3450 pastoris
671 3353 895 3451 egritudine,
905 3364 1092 3428 venerunt
1102 3357 1147 3427 ad
1159 3375 1246 3428 eum
1260 3377 1378 3427 vene-

273 3456 414 3529 rabiles
434 3454 516 3550 viri,
544 3453 624 3527 0d0
638 3455 859 3529 Lubicensis
885 3455 1047 3529 ecclesie
1065 3457 1233 3528 decanus
1254 3464 1292 3528 et
1304 3455 1378 3526 Lu·
1485 3507 1486 3556 ,

276 3555 1378 3670 doliusprepositusSegebergensis,cumfratribusutrius-
1485 3561 1486 3570 ’

276 3681 350 3772 que
369 3655 686 3754 congregationis
722 3655 794 3745 Qui
814 3681 899 3729 cum
917 3657 1015 3731 lecto
1029 3655 1242 3771 egrotantis
1262 3681 1379 3756 appo·

277 3757 337 3830 siti
355 3767 531 3875 optarent
546 3782 580 3831 er
571 3757 942 3854 '’ditationemvite,
931 3782 1016 3857 ipse
1036 3783 1125 3857 resp
1128 3757 1251 3832 ondit:
1279 3755 1377 3848 Quid
1484 3821 1485 3866 ,

270 3860 476 3953 precamini
501 3858 600 3954 mibi,
627 3862 778 3954 fratres,
796 3857 897 3955 quod
921 3859 1047 3934 inutile
1064 3859 1140 3934 est?
1176 3859 1378 3950 Quantum»

269 3982 417 4057 *cunque
431 3963 672 4056 supervivam,
690 3983 792 4032 mors
801 3983 941 4054 semper
949 3966 1066 4034 restu
1067 4018 1073 4033 .
1050 3961 1183 4033 tlum
1197 3982 1294 4033 nunc
1306 3962 1376 4032 uti·

276 4082 344 4156 que
361 4063 438 4156 fiut,
455 4058 556 4157 quod
572 4059 793 4158 quandoque
810 4064 978 4149 futurum
996 4069 1057 4134 cst.
1086 4060 1217 4134 Melius
1235 4067 1291 4134 est
1305 4063 1376 4133 eoi·

275 4162 378 4256 cisse,
406 4160 506 4257 quod
523 4163 683 4259 effugere
699 4164 835 4238 nemini
852 4161 989 4236 licitum
1009 4169 1071 4237 est.
1110 4163 1140 4238 0
1161 4161 1377 4236 libertatem

267 4260 428 4358 spiritus
449 4287 588 4360 pavore
603 4263 736 4338 mortis
756 4263 1065 4362 imperterritam!
1101 4263 1203 4336 lnter
1219 4264 1377 4362 loquen-
