3000 4900
171 462 416 546 nmnomr
435 461 676 536 cenorum
694 439 961 536 servorun.
988 461 1076 535 mu.
1094 462 1119 533 r.
1172 463 1221 538 co

195 664 272 736 Nec
290 687 411 758 mora,
430 661 532 736 misit
551 663 844 761 circumquaque
862 687 930 759 pro
949 663 1127 737 militibus
1147 663 1220 736 col·
1233 679 1312 736 troo.

119 763 285 862 legitque
305 765 413 863 quasi
430 763 670 860 octingentos
688 763 879 860 loricatos,
904 774 1221 862 assumptumque

121 889 293 938 cesarem
319 864 491 963 perduxit
515 865 551 938 iu
581 865 772 938 civitatem
805 887 983 960 magnam
1012 865 1219 940 Coloniam.

119 965 367 1040 Colonienses
387 989 478 1038 vero
498 975 725 1064 receperunt
745 988 843 1038 eum.
871 964 977 1051 Quod
996 989 1083 1037 cum
1098 966 1222 1040 aridis-

121 1077 181 1138 set
198 1064 311 1161 lilius,
331 1066 432 1138 venit
451 1089 535 1137 cum
557 1067 722 1139 exercitu
742 1065 874 1163 grandi
893 1077 932 1138 et
950 1065 1097 1139 obsedit
1114 1067 1221 1141 Colo·

122 1168 234 1240 niam.
255 1165 425 1264 Cumque
444 1166 1101 1261 obsidiovehementerincrcsceret,
1113 1189 1222 1240 cesar

119 1267 259 1342 timens
271 1266 409 1340 civitati
424 1277 534 1340 noctu
551 1269 704 1366 elapsus
721 1267 816 1364 fugit
830 1267 1010 1339 Leorlium
1023 1267 1046 1339 ¹.
1075 1270 1119 1341 Et
1136 1292 1223 1341 con·

120 1379 308 1442 venerunt
348 1368 421 1440 illic
457 1371 503 1442 ad
536 1393 623 1442 eum
658 1393 793 1442 omnes
828 1367 895 1438 viri
932 1378 1150 1441 constantes
1184 1379 1223 1443 et

122 1493 282 1566 quorum
294 1470 404 1542 corda
415 1468 610 1542 miseratio
626 1469 811 1566 tetigerat.
831 1468 1109 1566 Perspectoque
1120 1468 1222 1540 euxi-

121 1570 297 1642 liatorum
316 1593 474 1644 nume-ro
494 1571 672 1644 dimicare
698 1569 838 1642 statuit.
874 1568 998 1656 Quem
1017 1593 1101 1642 curn
1120 1569 1219 1642 lilius

120 1681 416 1768 persequeretur
435 1671 470 1742 in
491 1696 602 1742 manu
624 1671 743 1768 gravi,
763 1671 825 1745 ille
841 1693 1022 1766 egressus
1038 1681 1095 1743 est
1108 1670 1144 1741 in
1160 1693 1221 1742 oc·

122 1795 275 1844 cursum
295 1772 437 1844 eiusad
458 1795 574 1868 aquas
593 1771 806 1846 lllasanas².
838 1771 1074 1869 Rogavitque
1088 1769 1223 1868 princi·

121 1896 191 1971 pes
213 1883 250 1944 et
267 1896 379 1944 omne.
400 1876 512 1945 robur
535 1873 722 1946 exercitus
742 1873 799 1945 sui
817 1872 966 1944 dicens:
1006 1871 1222 1959 811ονιὲεεί-

123 1997 204 2046 mus
217 1972 315 2045 Deus
331 1997 400 2046 nos
416 1971 524 2046 hodie
542 1971 726 2046 adiuuerit
739 1977 777 2046 in
792 1971 921 2068 prelio,
937 1974 1098 2070 factique
1109 1973 1222 2060 fueri-
1252 2001 1258 2010 ·

121 2097 204 2146 mus
218 2077 255 2146 in
266 2075 433 2159 conflictu
447 2077 664 2171 superiores,
679 2082 820 2148 servate
833 2073 942 2146 michi
955 2071 1070 2163 filium
1078 2071 1221 2145 memn³

122 2181 158 2246 et
172 2174 282 2248 nolite
298 2177 496 2264 interficere
520 2199 610 2248 eum.
655 2175 910 2252 Commissum
931 2185 991 2248 est
1007 2174 1120 2271 igitur
1137 2197 1221 2272 pre·

121 2275 226 2371 lium,
246 2286 282 2348 et
301 2276 503 2372 prevalens
519 2288 626 2373 pater
641 2277 785 2374 fugavit
799 2274 915 2348 filium
932 2287 1035 2349 trans
1052 2285 1220 2373 pontem,

123 2377 304 2474 multique
332 2376 405 2448 illic
433 2377 546 2451 occisi
575 2378 720 2475 gladio,
748 2379 878 2477 plures
904 2376 1012 2470 aquis
1038 2375 1220 2474 prefocati

123 2488 220 2549 sunt.
263 2479 409 2553 Rursus
428 2478 677 2552 instauratum
702 2491 762 2551 est
780 2478 951 2577 prelium7
978 2488 1014 2549 et
1033 2500 1145 2549 cesar
1162 2499 1221 2548 se·

122 2578 204 2651 nior
224 2578 356 2674 victus
376 2580 590 2675 conclusus,
610 2581 909 2677 comprehensus
925 2575 1020 2651 eset.

196 2679 366 2767 Quantas
382 2691 508 2755 autem
524 2681 787 2778 contumelias,
804 2690 942 2778 quanta
956 2677 1153 2778 obprobria
1164 2676 1221 2747 vir

119 2780 193 2853 iste
212 2779 434 2877 nragnilicus
450 2781 488 2853 in
509 2782 580 2855 illis
601 2783 730 2857 diebus
750 2780 965 2879 pertulerit,
984 2784 1081 2853 sicut
1098 2779 1219 2850 relatu

121 2880 288 2973 difficileq
316 2881 367 2955 ita
393 2882 518 2955 auditu
546 2883 789 2957 lamentabile
815 2893 885 2955 est.
924 2881 1159 2954 Insultabant
1183 2877 1220 2950 ei

121 2982 246 3079 amici,
274 2982 479 3057 illudebant
505 2984 538 3056 ei
564 2983 827 3057 nichilominus
848 2981 999 3054 inimici.
1034 2979 1219 3077 Denique,

121 3094 161 3155 ut
180 3082 320 3180 aiunu,
339 3085 591 3181 pauperculus
607 3085 771 3182 quidam,
790 3086 858 3157 sed
872 3084 1071 3177 litteratus,
1090 3102 1219 3153 coram

120 3185 296 3258 omnibus
315 3188 474 3259 adorsus
495 3196 554 3257 est
573 3210 659 3258 eum
678 3187 828 3259 dicens:
856 3185 1056 3259 inveterate
1078 3179 1220 3253 dierum

121 3284 318 3381 naulorum,
335 3308 431 3359 nunc
448 3292 622 3359 uenerunt
632 3283 812 3380 peccato6
836 3292 913 3381 tuo,
931 3308 999 3381 que
1010 3284 1119 3377 prius
1137 3304 1219 3375 ope·

120 3387 281 3483 roboris,
300 3386 470 3459 iudicans
488 3385 625 3459 iudicio
643 3389 793 3481 iniusta,
811 3388 1018 3479 opprimens
1035 3387 1172 3456 iustum
1185 3388 1223 3455 et

121 3485 306 3559 dimittens
332 3488 516 3560 neriuml.
558 3488 623 3561 Cui
644 3512 727 3559 cum
752 3496 923 3560 astantes
952 3487 1219 3581 irascerentur,

121 3623 147 3694 1)
167 3618 267 3677 Cacsar
283 3620 414 3677 Lecdium
443 3623 546 3677 abierat
571 3624 625 3676 iam
654 3640 745 3677 meuse
765 3621 927 3686 Februario;
951 3622 1070 3675 obsessio
1091 3619 1220 3675 Coloniae

119 3713 185 3750 vero
206 3714 258 3749 uon
278 3696 329 3749 nisi
356 3713 448 3755 mense
467 3694 537 3751 lulio
562 3696 668 3767 incepta
685 3706 726 3750 ret
743 3714 759 3749 a
779 3713 850 3766 rege.
943 3696 970 3763 2)
991 3695 1128 3748 Proelium
1147 3696 1219 3763 apud
1260 3716 1268 3736 a

119 3768 199 3823 Visct
227 3787 252 3824 a.
275 3763 347 3821 1106
365 3768 444 3824 Mart
464 3770 509 3833 2l,
530 3770 559 3822 in
584 3788 638 3842 quo
664 3780 753 3824 tamen
772 3768 932 3824 Heinricum
957 3769 1091 3821 seniorem
1112 3775 1218 3836 raptum

119 3861 175 3897 uon
196 3860 255 3897 esse
272 3852 385 3898 constat.
465 3842 492 3915 3)
512 3842 582 3897 sicut
601 3843 689 3897 Daritl
709 3861 771 3898 rex:
796 3845 908 3898 Servate
926 3844 988 3895 mitt
1003 3856 1114 3909 puerum
1131 3841 1219 3893 Abeo·

118 3921 213 3984 Ionem,
237 3917 260 3968 1.
282 3916 346 3985 Reg.
369 3914 410 3984 18,
430 3914 456 3971 5.
494 3914 598 3971 Eadem
617 3917 674 3969 lere
694 3918 778 3971 relert
797 3915 900 3970 Cbron.
920 3913 1075 3984 Luneburg.
1096 3930 1120 3965 a.
1140 3910 1218 3974 1106,

118 4006 146 4042 v.
166 4007 245 4059 supra
267 3986 289 4042 Τ
292 4030 299 4044 .
318 3988 394 4043 XVI.
414 4008 442 4060 p.
462 3988 512 4051 74;
533 4008 557 4044 r.
577 3990 657 4043 etiam
680 3988 768 4043 Vitam
788 3987 910 4043 Heinrici
931 3986 977 4040 lV.
1053 3985 1080 4055 4)
1099 3983 1220 4038 bliau-

119 4064 180 4117 cab.
204 4062 245 4117 13.
265 4080 290 4117 r.
310 4062 360 4115 21:
390 4064 591 4133 comprecemur
609 4068 651 4119 ert
669 4067 695 4117 et
713 4064 860 4117 conclusus.
934 4062 961 4130 5)
981 4059 1122 4114 similibus
1141 4057 1220 4110 aliis-

120 4154 174 4207 que
194 4136 282 4189 verbis
303 4135 474 4197 Hermonem,
505 4134 587 4189 virum
608 4136 741 4196 insanum,
769 4134 898 4189 Coloniae
923 4134 1079 4203 increpasse
1098 4132 1220 4199 impera-

118 4220 206 4263 torem
233 4219 323 4263 narral
343 4209 444 4264 Chron.
465 4207 618 4277 launeburg.
639 4208 671 4261 Ἰ’.
692 4206 768 4262 XVl.
789 4226 814 4278 p.
835 4206 879 4259 74.
990 4208 1016 4270 6)
1035 4205 1051 4257 i.
1070 4220 1096 4257 e.
1117 4220 1220 4273 poentm

116 4283 311 4353 propeccatis.
385 4280 415 4354 7)
431 4282 581 4337 inveterate
601 4313 632 4322 -
654 4285 772 4336 coetum.
810 4277 851 4332 Ex
877 4278 971 4350 proph.
988 4277 1110 4332 Danielis
1129 4295 1153 4329 c.
1176 4275 1219 4329 13.

116 4374 142 4411 v.
162 4356 308 4410 520153.
