3000 4900
275 440 324 511 48
376 434 628 510 HELMOLDI
647 435 892 508 CHRONICA
910 433 1180 509 SLAVORUM.
1207 435 1299 508 LlB.
1312 435 1339 507 1.

275 635 575 734 antiquissimam
597 641 727 710 urbem
749 648 786 710 et
805 636 1094 710 celeberrimum
1120 636 1207 709 illud
1232 637 1377 734 fanum,

275 737 311 808 in
333 762 405 834 quo
426 737 670 811 simulacrum
691 737 873 850 Radigast
892 736 1115 832 ostenditur,
1131 761 1295 834 regnare
1313 762 1378 811 vo·

273 837 415 934 lebant
443 838 698 912 asscribeutes
725 837 795 912 sibi
821 837 1053 935 singularem
1082 837 1284 913 nobilitatis
1311 839 1377 911 ho·

274 962 421 1036 norem,
450 962 495 1011 eo
515 941 612 1036 quod
633 943 681 1012 ab
698 939 872 1012 omnibus
892 939 1041 1038 populis
1061 938 1283 1014 Sclarorum
1304 940 1377 1012 fre·

275 1050 501 1137 quentarent
503 1065 546 1111 ur
563 1051 719 1138 propter
736 1062 924 1138 responsa
944 1051 981 1112 et
1000 1063 1146 1112 aurruas
1174 1037 1377 1114 sacrificio·

273 1163 358 1212 rum
378 1139 648 1237 impensiones.
686 1141 801 1214 Porro
821 1140 1007 1238 Circipani
1026 1151 1139 1237 atque
1157 1139 1276 1215 Kicini
1297 1165 1377 1214 ser·
1484 1184 1485 1187 =

272 1241 352 1312 vire
372 1241 670 1337 detrectabant'
661 1265 736 1314 imo
756 1241 967 1314 libertatem
988 1265 1097 1313 suam
1115 1241 1231 1314 armis
1247 1242 1377 1314 deten-
1484 1274 1485 1279 ¹

274 1345 364 1414 dere
378 1352 601 1414 statuerunt.
630 1343 836 1416 Crescente
856 1342 969 1440 rgrtur
979 1341 1161 1440 paulatim
1175 1341 1376 1438 seditione,

273 1445 426 1515 tandem
443 1442 662 1540 pervenitur
678 1445 724 1515 ad
739 1443 914 1540 prelium,
931 1442 993 1516 ubi
1008 1441 1106 1514 inter
1121 1441 1375 1516 validissimas
1484 1532 1485 1535 Ἴ

273 1568 422 1641 pugnas
443 1543 593 1616 Riaduri
614 1553 726 1641 atque
746 1543 924 1617 Tholenzi
953 1542 1026 1616 fusi
1054 1546 1152 1617 sunt.
1204 1543 1291 1616 ldeo
1315 1568 1376 1618 se-

275 1646 396 1716 cundo
418 1655 455 1716 et
473 1643 583 1716 tertio
602 1654 856 1716 restauratum
877 1654 936 1717 est
951 1644 1130 1742 prelium:
1150 1643 1240 1716 item
1260 1644 1375 1718 iidem

273 1747 319 1816 ab
340 1743 482 1816 eisdem
503 1744 649 1818 oontrrtr
678 1756 776 1818 sont
812 1745 927 1817 Multa
947 1744 1048 1818 mrlra
1072 1745 1268 1817 hommum
1286 1745 1376 1817 hino
1484 1756 1485 1759 ’

274 1855 313 1916 et
337 1843 422 1916 inde
450 1856 650 1942 prostrata.
700 1845 888 1944 Circipani
915 1855 953 1916 et
979 1845 1111 1939 Kicini,
1139 1845 1273 1943 quibus
1299 1846 1376 1919 bel·

272 1945 351 2016 lum
380 1946 591 2020 necessitas
619 1946 823 2043 indixerat
859 1945 1035 2018 victores
1083 1945 1234 2019 Riaduri
1260 1956 1375 2045 atquc
1484 2030 1485 2037 ἵ

273 2046 491 2143 'lholenzi‚.
485 2048 553 2145 .qui
582 2072 649 2146 pro
679 2047 799 2144 gloria
825 2056 905 2120 cert
890 2050 1031 2142 tabant,
1054 2045 1274 2121 deiectionis
1303 2071 1374 2120 sue
1434 2122 1436 2127 ,
1484 2086 1486 2137 ;

272 2148 416 2245 pudore
434 2148 682 2221 vehementer
702 2146 841 2242 afflicti,
860 2101 1118 2220 accersierunt
1135 2147 1173 2219 in
1194 2147 1374 2220 auxilium

194 2290 197 2296 ·
272 2247 520 2320 fortissimum
553 2273 684 2346 regem
712 2250 906 2321 Danorum
941 2258 978 2320 et
1012 2251 1146 2321 ducem
1179 2248 1374 2322 Saxonum
1484 2335 1485 2350 ἶ

272 2347 601 2446 Bernardum,nec
620 2374 693 2423 non
715 2349 1039 2422 etGodescaloum
1056 2347 1264 2447 principem
1277 2348 1375 2422 Obo-

271 2448 457 2547 tritorum⁷
472 2449 642 2548 singulos
663 2476 748 2523 cum
770 2451 994 2544 exercitibus
1016 2451 1109 2548 suis⁷
1123 2452 1374 2549 alueruntque

271 2561 414 2623 tantam
437 2552 712 2625 multitudinem
732 2555 778 2625 de
798 2552 959 2650 propriis
984 2551 1180 2649 stipendiis
1201 2550 1288 2625 sex1
1312 2555 1374 2625 eb-

273 2652 504 2725 domadibus.
529 2653 763 2751 invaluitque
781 2653 941 2750 prelium
957 2655 1140 2726 adversus
1153 2652 1373 2751 Circipanos
1484 2735 1485 2738 Ἴ

274 2753 868 2850 atqueKicinos‚nechabuerunt
885 2754 986 2826 vires
1005 2753 1204 2828 resistendi
1223 2754 1374 2827 obsessi

271 2862 375 2925 tanta
396 2854 644 2950 multitudine,
671 2878 835 2952 cesaque
860 2864 919 2927 est
938 2879 984 2926 ex
1003 2854 1047 2928 iis
1067 2855 1231 2928 maxima
1250 2855 1374 2927 multi-

271 2956 375 3051 tudo,
403 2979 514 3053 quam
542 2956 690 3053 plurimi
715 2954 752 3027 in
779 2965 866 3054 capt
851 2954 1035 3028 tivitatem
1062 2955 1172 3029 diroti
1214 2957 1270 3028 Ad
1289 2956 1374 3028 ulti-

272 3078 376 3127 mum
397 3056 608 3152 quindecim
629 3056 778 3129 milibus
800 3055 1038 3129 ruarcarum2
1058 3080 1193 3170 pacem
1213 3056 1373 3129 mercati
1484 3073 1485 3076 ’

273 3165 371 3229 sunt
409 3156 600 3255 Principes
628 3157 829 3254 pecuniam
856 3156 953 3230 mter
972 3182 1014 3230 se
1034 3182 1102 3256 par
1102 3157 1156 3229 rtr
1178 3169 1274 3231 sunt
1315 3160 1372 3231 De
1484 3199 1486 3206 >

273 3254 545 3329 christianitate
565 3258 665 3330 nulla
685 3258 753 3330 fuit
772 3258 928 3372 mentio,
956 3282 1027 3332 nec
1051 3260 1234 3331 honorem
1261 3261 1373 3332 dede·
1484 3263 1486 3328 ἶ

272 3367 358 3429 runt
344 3357 455 3430 tDeo
459 3384 558 3457 qur
551 3358 785 3431 ''contulit
753 3382 808 3431 ers
826 3360 863 3430 in
884 3358 981 3437 bello
1006 3360 1213 3433 victoriam.
1264 3361 1372 3433 Unde

272 3459 451 3572 cognosci
478 3470 603 3557 potest
629 3460 821 3533 Saxonum
849 3459 1070 3533 insatiabilis
1104 3460 1274 3559 avaritia,
1309 3462 1372 3558 qui

272 3582 359 3631 cum
379 3558 476 3631 inter
494 3571 629 3657 gentes
650 3571 798 3633 ceteras
818 3562 985 3635 barbaris
1006 3561 1203 3659 contiguas
1223 3561 1373 3660 prepol-

271 3660 376 3731 leant
400 3660 515 3734 armis
545 3672 582 3733 et
609 3686 680 3734 usu
709 3661 852 3759 mititte,
880 3686 1035 3776 semper
1060 3664 1256 3761 proniores
1282 3673 1373 3736 sunt
1484 3727 1485 3730 ,

271 3760 417 3833 tributis
442 3762 732 3859 augmentandis
754 3787 866 3860 quam
886 3763 1083 3837 animabus
1103 3763 1262 3836 Domino
1284 3788 1372 3837 con·
1484 3853 1485 3856 Ἴ

272 3860 475 3975 quirendis
528 3864 652 3937 Decor
679 3888 779 3936 erum
813 3864 1096 3938 christianitatis
1129 3854 1370 3938 sacerdotum

270 3962 450 4035 instantia
485 3966 559 4037 iam
592 3965 773 4039 dudum
764 3990 800 4037 rn
833 3965 981 4041 Sclavia
1016 3966 1294 4062 convaluisset,
1338 3966 1370 4039 si

270 4062 462 4137 Saxonum
479 4066 633 4139 avaritia
653 4090 726 4138 uon
741 4066 992 4165 prepedisset.
1024 4067 1242 4141 Predicetur
1259 4066 1373 4165 igitur

270 4173 309 4237 et
328 4165 429 4238 omui
452 4167 563 4240 laude
593 4168 791 4240 extollatur
815 4167 1060 4265 dignissimus
1086 4168 1148 4240 ille
1168 4168 1372 4241 Godescal·

271 4292 296 4365 l)
315 4301 413 4365 septem
432 4297 636 4352 bebdomadibus
655 4294 750 4351 Adam.
771 4296 790 4349 l.
804 4294 823 4348 1.
898 4295 925 4367 2)
947 4294 980 4349 15
993 4298 1065 4353 mtb'u
1084 4298 1182 4353 talenta
1201 4295 1299 4351 Adam.
1320 4298 1339 4355 l.
1352 4298 1371 4353 1.
