<?xml version="1.0" encoding="UTF-8"?>
<!DOCTYPE html PUBLIC "-//W3C//DTD XHTML 1.0 Transitional//EN"
    "http://www.w3.org/TR/xhtml1/DTD/xhtml1-transitional.dtd">
<html xmlns="http://www.w3.org/1999/xhtml" xml:lang="en" lang="en">
 <head>
  <title>
</title>
<meta http-equiv="Content-Type" content="text/html;charset=utf-8" />
  <meta name='ocr-system' content='tesseract 3.04.00' />
  <meta name='ocr-capabilities' content='ocr_page ocr_carea ocr_par ocr_line ocrx_word'/>
</head>
<body>
  <div class='ocr_page' id='page_1' title='image "./helmoldipresbyt00pertgoog_0057.png"; bbox 0 0 3000 4900; ppageno 0'>
   <div class='ocr_carea' id='block_1_1' title="bbox 147 439 1204 517">
    <p class='ocr_par' dir='ltr' id='par_1_1' title="bbox 147 439 1204 517">
     <span class='ocr_line' id='line_1_1' title="bbox 147 439 1204 517; baseline -0.001 -1"><span class='ocrx_word' id='word_1_1' title='bbox 147 441 396 517; x_wconf 86' lang='lat' dir='ltr'>HELMOLDl</span> <span class='ocrx_word' id='word_1_2' title='bbox 415 439 657 517; x_wconf 86' lang='lat' dir='ltr'><strong>CHRONICA</strong></span> <span class='ocrx_word' id='word_1_3' title='bbox 675 439 944 516; x_wconf 82' lang='lat' dir='ltr'><strong>SLAVORUM.</strong></span> <span class='ocrx_word' id='word_1_4' title='bbox 970 439 1058 515; x_wconf 87' lang='lat' dir='ltr'>LlB.</span> <span class='ocrx_word' id='word_1_5' title='bbox 1077 439 1103 514; x_wconf 90' lang='lat'>1.</span> <span class='ocrx_word' id='word_1_6' title='bbox 1155 443 1204 515; x_wconf 81' lang='lat' dir='ltr'>te</span> 
     </span>
    </p>
   </div>
   <div class='ocr_carea' id='block_1_2' title="bbox 16 632 1245 1342">
    <p class='ocr_par' dir='ltr' id='par_1_2' title="bbox 16 632 1216 742">
     <span class='ocr_line' id='line_1_2' title="bbox 106 632 1216 742; baseline -0.003 -26.3"><span class='ocrx_word' id='word_1_7' title='bbox 106 641 211 741; x_wconf 55' lang='grc' dir='ltr'>ωε),</span> <span class='ocrx_word' id='word_1_8' title='bbox 229 643 292 742; x_wconf 89' lang='lat' dir='ltr'>qui</span> <span class='ocrx_word' id='word_1_9' title='bbox 312 642 479 717; x_wconf 86' lang='lat' dir='ltr'>barbaris</span> <span class='ocrx_word' id='word_1_10' title='bbox 498 642 673 740; x_wconf 82' lang='lat' dir='ltr'>gentibus</span> <span class='ocrx_word' id='word_1_11' title='bbox 693 641 831 739; x_wconf 78' lang='lat' dir='ltr'>editus,</span> <span class='ocrx_word' id='word_1_12' title='bbox 849 664 987 716; x_wconf 86' lang='lat' dir='ltr'>munus</span> <span class='ocrx_word' id='word_1_13' title='bbox 1006 639 1106 738; x_wconf 78' lang='lat' dir='ltr'>fidei,</span> <span class='ocrx_word' id='word_1_14' title='bbox 1127 632 1216 714; x_wconf 67' lang='lat' dir='ltr'>ere-⁴</span> 
     </span>
    </p>

    <p class='ocr_par' dir='ltr' id='par_1_3' title="bbox 16 739 1206 898">
     <span class='ocr_line' id='line_1_3' title="bbox 16 741 1206 898; baseline -0.004 -80"><span class='ocrx_word' id='word_1_15' title='bbox 16 761 18 898; x_wconf 93' lang='grc'><strong>)</strong></span> <span class='ocrx_word' id='word_1_16' title='bbox 105 743 270 818; x_wconf 88' lang='lat' dir='ltr'>dulitatis</span> <span class='ocrx_word' id='word_1_17' title='bbox 290 743 450 841; x_wconf 80' lang='lat' dir='ltr'><strong>gratiam</strong></span> <span class='ocrx_word' id='word_1_18' title='bbox 471 768 539 818; x_wconf 86' lang='lat' dir='ltr'>sue</span> <span class='ocrx_word' id='word_1_19' title='bbox 558 743 661 842; x_wconf 85' lang='lat' dir='ltr'>genti</span> <span class='ocrx_word' id='word_1_20' title='bbox 681 765 767 816; x_wconf 92' lang='lat' dir='ltr'>cum</span> <span class='ocrx_word' id='word_1_21' title='bbox 781 743 894 842; x_wconf 89' lang='lat' dir='ltr'>pleno</span> <span class='ocrx_word' id='word_1_22' title='bbox 910 741 1118 816; x_wconf 85' lang='lat' dir='ltr'>dilectionis</span> <span class='ocrx_word' id='word_1_23' title='bbox 1133 741 1206 814; x_wconf 85' lang='lat' dir='ltr'>ler-</span> 
     </span>
    </p>

    <p class='ocr_par' dir='ltr' id='par_1_4' title="bbox 16 842 1245 1154">
     <span class='ocr_line' id='line_1_4' title="bbox 16 842 1205 944; baseline -0.003 -28"><span class='ocrx_word' id='word_1_24' title='bbox 16 903 18 930; x_wconf 72' lang='grc'>,</span> <span class='ocrx_word' id='word_1_25' title='bbox 104 869 196 918; x_wconf 92' lang='lat' dir='ltr'>vore</span> <span class='ocrx_word' id='word_1_26' title='bbox 215 844 415 944; x_wconf 81' lang='lat' dir='ltr'>reparavit.</span> <span class='ocrx_word' id='word_1_27' title='bbox 468 847 684 943; x_wconf 81' lang='lat' dir='ltr'>Arguantur</span> <span class='ocrx_word' id='word_1_28' title='bbox 701 845 894 920; x_wconf 77' lang='lat' dir='ltr'>Saxonum</span> <span class='ocrx_word' id='word_1_29' title='bbox 921 865 1115 943; x_wconf 71' lang='lat' dir='ltr'>proceres,</span> <span class='ocrx_word' id='word_1_30' title='bbox 1143 842 1205 939; x_wconf 86' lang='lat' dir='ltr'>qui</span> 
     </span>
     <span class='ocr_line' id='line_1_5' title="bbox 106 940 1245 1044; baseline 0.005 -29.561"><span class='ocrx_word' id='word_1_31' title='bbox 106 945 322 1020; x_wconf 89' lang='lat' dir='ltr'>christianis</span> <span class='ocrx_word' id='word_1_32' title='bbox 348 947 500 1043; x_wconf 92' lang='lat' dir='ltr'>proavis</span> <span class='ocrx_word' id='word_1_33' title='bbox 528 945 646 1044; x_wconf 85' lang='lat' dir='ltr'>geniti</span> <span class='ocrx_word' id='word_1_34' title='bbox 674 956 713 1018; x_wconf 88' lang='lat' dir='ltr'>et</span> <span class='ocrx_word' id='word_1_35' title='bbox 733 944 881 1043; x_wconf 79' lang='lat' dir='ltr'>gremio</span> <span class='ocrx_word' id='word_1_36' title='bbox 908 940 1040 1018; x_wconf 85' lang='lat' dir='ltr'>sancte</span> <span class='ocrx_word' id='word_1_37' title='bbox 1072 942 1204 1015; x_wconf 89' lang='lat' dir='ltr'>matris</span> <span class='ocrx_word' id='word_1_38' title='bbox 1241 1017 1245 1020; x_wconf 83' lang='grc'><strong>,</strong></span> 
     </span>
     <span class='ocr_line' id='line_1_6' title="bbox 16 1043 1206 1154; baseline -0.006 -33"><span class='ocrx_word' id='word_1_39' title='bbox 16 1047 19 1154; x_wconf 96' lang='grc'><strong>)</strong></span> <span class='ocrx_word' id='word_1_40' title='bbox 106 1046 269 1120; x_wconf 82' lang='lat' dir='ltr'>ecclesie</span> <span class='ocrx_word' id='word_1_41' title='bbox 290 1047 367 1141; x_wconf 78' lang='lat' dir='ltr'>foti,</span> <span class='ocrx_word' id='word_1_42' title='bbox 396 1047 544 1120; x_wconf 85' lang='lat' dir='ltr'>steriles</span> <span class='ocrx_word' id='word_1_43' title='bbox 564 1069 720 1145; x_wconf 88' lang='lat' dir='ltr'>semper</span> <span class='ocrx_word' id='word_1_44' title='bbox 738 1057 777 1120; x_wconf 89' lang='lat' dir='ltr'>et</span> <span class='ocrx_word' id='word_1_45' title='bbox 793 1045 927 1120; x_wconf 91' lang='lat' dir='ltr'>inanes</span> <span class='ocrx_word' id='word_1_46' title='bbox 946 1045 984 1118; x_wconf 89' lang='lat' dir='ltr'>in</span> <span class='ocrx_word' id='word_1_47' title='bbox 1003 1066 1118 1142; x_wconf 92' lang='lat' dir='ltr'>opere</span> <span class='ocrx_word' id='word_1_48' title='bbox 1136 1043 1206 1115; x_wconf 92' lang='lat' dir='ltr'>Dei</span> 
     </span>
    </p>

    <p class='ocr_par' dir='ltr' id='par_1_5' title="bbox 16 1146 1119 1243">
     <span class='ocr_line' id='line_1_7' title="bbox 16 1146 1119 1243; baseline -0.005 -23"><span class='ocrx_word' id='word_1_49' title='bbox 16 1159 18 1206; x_wconf 77' lang='grc'><strong>1</strong></span> <span class='ocrx_word' id='word_1_50' title='bbox 105 1158 196 1221; x_wconf 89' lang='lat' dir='ltr'>sunt</span> <span class='ocrx_word' id='word_1_51' title='bbox 213 1146 368 1221; x_wconf 89' lang='lat' dir='ltr'>inventi.</span> <span class='ocrx_word' id='word_1_52' title='bbox 1085 1195 1089 1201; x_wconf 87' lang='lat'><em>-</em></span> <span class='ocrx_word' id='word_1_53' title='bbox 1111 1228 1119 1243; x_wconf 24' lang='grc' dir='ltr'>ι</span> 
     </span>
    </p>

    <p class='ocr_par' dir='ltr' id='par_1_6' title="bbox 16 1244 1205 1342">
     <span class='ocr_line' id='line_1_8' title="bbox 16 1244 1205 1342; baseline -0.007 -20"><span class='ocrx_word' id='word_1_54' title='bbox 16 1245 17 1252; x_wconf 61' lang='lat'><em>&#39;</em></span> <span class='ocrx_word' id='word_1_55' title='bbox 182 1249 242 1322; x_wconf 78' lang='lat'>22.</span> <span class='ocrx_word' id='word_1_56' title='bbox 277 1247 331 1321; x_wconf 87' lang='lat' dir='ltr'>De</span> <span class='ocrx_word' id='word_1_57' title='bbox 348 1246 540 1320; x_wconf 71' lang='lat' dir='ltr'>rebellione</span> <span class='ocrx_word' id='word_1_58' title='bbox 559 1245 788 1319; x_wconf 72' lang='lat' dir='ltr'>Sabaeorum.</span> <span class='ocrx_word' id='word_1_59' title='bbox 857 1247 909 1319; x_wconf 86' lang='lat' dir='ltr'>Ea</span> <span class='ocrx_word' id='word_1_60' title='bbox 927 1244 1042 1342; x_wconf 84' lang='lat' dir='ltr'>igitur</span> <span class='ocrx_word' id='word_1_61' title='bbox 1059 1253 1205 1341; x_wconf 89' lang='lat' dir='ltr'>tempo-</span> 
     </span>
    </p>
   </div>
   <div class='ocr_carea' id='block_1_3' title="bbox 16 1344 1212 3661">
    <p class='ocr_par' dir='ltr' id='par_1_7' title="bbox 16 1344 1212 3661">
     <span class='ocr_line' id='line_1_9' title="bbox 16 1344 1205 1445; baseline -0.009 -19"><span class='ocrx_word' id='word_1_62' title='bbox 16 1419 17 1426; x_wconf 74' lang='grc'>,</span> <span class='ocrx_word' id='word_1_63' title='bbox 106 1373 191 1420; x_wconf 93' lang='lat' dir='ltr'>rum</span> <span class='ocrx_word' id='word_1_64' title='bbox 221 1349 335 1443; x_wconf 50' lang='lat' dir='ltr'>serie2</span> <span class='ocrx_word' id='word_1_65' title='bbox 362 1373 434 1445; x_wconf 87' lang='lat' dir='ltr'>qua</span> <span class='ocrx_word' id='word_1_66' title='bbox 463 1347 719 1421; x_wconf 89' lang='lat' dir='ltr'>misericordia</span> <span class='ocrx_word' id='word_1_67' title='bbox 738 1345 807 1421; x_wconf 91' lang='lat' dir='ltr'>Dei</span> <span class='ocrx_word' id='word_1_68' title='bbox 833 1357 871 1419; x_wconf 93' lang='lat' dir='ltr'>et</span> <span class='ocrx_word' id='word_1_69' title='bbox 895 1346 1031 1418; x_wconf 89' lang='lat' dir='ltr'>virtute</span> <span class='ocrx_word' id='word_1_70' title='bbox 1057 1344 1205 1441; x_wconf 81' lang='lat' dir='ltr'>religio-</span> 
     </span>
     <span class='ocr_line' id='line_1_10' title="bbox 16 1444 1205 1522; baseline -0.006 1"><span class='ocrx_word' id='word_1_71' title='bbox 16 1457 17 1476; x_wconf 81' lang='lat'>³</span> <span class='ocrx_word' id='word_1_72' title='bbox 107 1473 250 1522; x_wconf 82' lang='lat' dir='ltr'>sissnm</span> <span class='ocrx_word' id='word_1_73' title='bbox 269 1474 336 1522; x_wconf 90' lang='lat' dir='ltr'>vm</span> <span class='ocrx_word' id='word_1_74' title='bbox 357 1448 578 1522; x_wconf 87' lang='lat' dir='ltr'>Godescalci</span> <span class='ocrx_word' id='word_1_75' title='bbox 601 1459 721 1522; x_wconf 89' lang='lat' dir='ltr'>status</span> <span class='ocrx_word' id='word_1_76' title='bbox 752 1446 913 1521; x_wconf 83' lang='lat' dir='ltr'>ecclesie</span> <span class='ocrx_word' id='word_1_77' title='bbox 940 1456 978 1518; x_wconf 89' lang='lat' dir='ltr'>et</span> <span class='ocrx_word' id='word_1_78' title='bbox 1004 1444 1205 1518; x_wconf 87' lang='lat' dir='ltr'>sacerdotii</span> 
     </span>
     <span class='ocr_line' id='line_1_11' title="bbox 16 1545 1205 1646; baseline -0.007 -23"><span class='ocrx_word' id='word_1_79' title='bbox 16 1555 17 1558; x_wconf 73' lang='grc'>’</span> <span class='ocrx_word' id='word_1_80' title='bbox 108 1549 229 1622; x_wconf 90' lang='lat' dir='ltr'>cultus</span> <span class='ocrx_word' id='word_1_81' title='bbox 255 1551 292 1621; x_wconf 94' lang='lat' dir='ltr'>in</span> <span class='ocrx_word' id='word_1_82' title='bbox 316 1547 464 1624; x_wconf 87' lang='lat' dir='ltr'>Sclavia</span> <span class='ocrx_word' id='word_1_83' title='bbox 492 1551 671 1622; x_wconf 89' lang='lat' dir='ltr'>decenter</span> <span class='ocrx_word' id='word_1_84' title='bbox 695 1548 825 1646; x_wconf 71' lang='lat' dir='ltr'>viguit⁷</span> <span class='ocrx_word' id='word_1_85' title='bbox 852 1548 1026 1620; x_wconf 82' lang='lat' dir='ltr'>defuncto</span> <span class='ocrx_word' id='word_1_86' title='bbox 1047 1545 1205 1618; x_wconf 84' lang='lat' dir='ltr'>Abelino</span> 
     </span>
     <span class='ocr_line' id='line_1_12' title="bbox 105 1645 1208 1749; baseline -0.005 -26"><span class='ocrx_word' id='word_1_87' title='bbox 105 1649 319 1749; x_wconf 74' lang='lat' dir='ltr'>pontifice²‚</span> <span class='ocrx_word' id='word_1_88' title='bbox 336 1649 658 1747; x_wconf 82' lang='lat' dir='ltr'>Aldenburgensis</span> <span class='ocrx_word' id='word_1_89' title='bbox 678 1649 839 1723; x_wconf 88' lang='lat' dir='ltr'>ecclesia</span> <span class='ocrx_word' id='word_1_90' title='bbox 858 1648 896 1720; x_wconf 95' lang='lat' dir='ltr'>in</span> <span class='ocrx_word' id='word_1_91' title='bbox 914 1659 992 1721; x_wconf 91' lang='lat' dir='ltr'>tres</span> <span class='ocrx_word' id='word_1_92' title='bbox 1012 1645 1132 1721; x_wconf 88' lang='lat' dir='ltr'>divisa</span> <span class='ocrx_word' id='word_1_93' title='bbox 1148 1655 1208 1719; x_wconf 90' lang='lat' dir='ltr'>est</span> 
     </span>
     <span class='ocr_line' id='line_1_13' title="bbox 107 1748 1207 1850; baseline -0.006 -25"><span class='ocrx_word' id='word_1_94' title='bbox 107 1750 362 1850; x_wconf 84' lang='lat' dir='ltr'>episcopatus.</span> <span class='ocrx_word' id='word_1_95' title='bbox 393 1751 499 1840; x_wconf 85' lang='lat' dir='ltr'>Quod</span> <span class='ocrx_word' id='word_1_96' title='bbox 518 1749 668 1849; x_wconf 91' lang='lat' dir='ltr'>quidem</span> <span class='ocrx_word' id='word_1_97' title='bbox 687 1749 871 1848; x_wconf 87' lang='lat' dir='ltr'>imperiali</span> <span class='ocrx_word' id='word_1_98' title='bbox 890 1748 1046 1822; x_wconf 89' lang='lat' dir='ltr'>minime</span> <span class='ocrx_word' id='word_1_99' title='bbox 1064 1748 1207 1820; x_wconf 84' lang='lat' dir='ltr'>factum</span> 
     </span>
     <span class='ocr_line' id='line_1_14' title="bbox 108 1850 1206 1949; baseline -0.005 -24"><span class='ocrx_word' id='word_1_100' title='bbox 108 1864 169 1925; x_wconf 91' lang='lat' dir='ltr'>est</span> <span class='ocrx_word' id='word_1_101' title='bbox 199 1852 450 1947; x_wconf 72' lang='lat' dir='ltr'>institutione,</span> <span class='ocrx_word' id='word_1_102' title='bbox 486 1855 552 1924; x_wconf 92' lang='lat' dir='ltr'>sed</span> <span class='ocrx_word' id='word_1_103' title='bbox 585 1852 714 1949; x_wconf 80' lang='lat' dir='ltr'>magni</span> <span class='ocrx_word' id='word_1_104' title='bbox 741 1850 950 1946; x_wconf 75' lang='lat' dir='ltr'>Adalberti,</span> <span class='ocrx_word' id='word_1_105' title='bbox 985 1851 1206 1922; x_wconf 92' lang='lat' dir='ltr'>Hammem·</span> 
     </span>
     <span class='ocr_line' id='line_1_15' title="bbox 107 1949 1204 2052; baseline -0.006 -26"><span class='ocrx_word' id='word_1_106' title='bbox 107 1953 310 2049; x_wconf 81' lang='lat' dir='ltr'>burgensis</span> <span class='ocrx_word' id='word_1_107' title='bbox 329 1952 616 2052; x_wconf 70' lang='lat' dir='ltr'>archiepiscopi,</span> <span class='ocrx_word' id='word_1_108' title='bbox 641 1951 905 2025; x_wconf 84' lang='lat' dir='ltr'>adinventione</span> <span class='ocrx_word' id='word_1_109' title='bbox 924 1951 974 2023; x_wconf 92' lang='lat' dir='ltr'>ita</span> <span class='ocrx_word' id='word_1_110' title='bbox 994 1949 1204 2022; x_wconf 88' lang='lat' dir='ltr'>ordinatum</span> 
     </span>
     <span class='ocr_line' id='line_1_16' title="bbox 107 2050 1204 2150; baseline -0.003 -26"><span class='ocrx_word' id='word_1_111' title='bbox 107 2054 226 2128; x_wconf 86' lang='lat' dir='ltr'>fuisse</span> <span class='ocrx_word' id='word_1_112' title='bbox 242 2064 399 2126; x_wconf 89' lang='lat' dir='ltr'>constat.</span> <span class='ocrx_word' id='word_1_113' title='bbox 432 2054 497 2127; x_wconf 90' lang='lat' dir='ltr'>llle</span> <span class='ocrx_word' id='word_1_114' title='bbox 513 2053 612 2126; x_wconf 91' lang='lat' dir='ltr'>enim</span> <span class='ocrx_word' id='word_1_115' title='bbox 628 2053 685 2126; x_wconf 93' lang='lat' dir='ltr'>vir</span> <span class='ocrx_word' id='word_1_116' title='bbox 699 2050 924 2150; x_wconf 86' lang='lat' dir='ltr'>magnificus</span> <span class='ocrx_word' id='word_1_117' title='bbox 945 2062 983 2124; x_wconf 90' lang='lat' dir='ltr'>et</span> <span class='ocrx_word' id='word_1_118' title='bbox 1000 2061 1204 2148; x_wconf 85' lang='lat' dir='ltr'>prepotens</span> 
     </span>
     <span class='ocr_line' id='line_1_17' title="bbox 16 2150 1207 2254; baseline -0.005 -28"><span class='ocrx_word' id='word_1_119' title='bbox 16 2241 17 2254; x_wconf 19' lang='lat'><em>2</em></span> <span class='ocrx_word' id='word_1_120' title='bbox 108 2155 144 2226; x_wconf 93' lang='lat' dir='ltr'>in</span> <span class='ocrx_word' id='word_1_121' title='bbox 168 2179 301 2251; x_wconf 64' lang='lat' dir='ltr'>regne,</span> <span class='ocrx_word' id='word_1_122' title='bbox 330 2178 414 2226; x_wconf 90' lang='lat' dir='ltr'>cum</span> <span class='ocrx_word' id='word_1_123' title='bbox 439 2154 684 2228; x_wconf 87' lang='lat' dir='ltr'>fortissimum</span> <span class='ocrx_word' id='word_1_124' title='bbox 707 2177 879 2226; x_wconf 85' lang='lat' dir='ltr'>cesarem</span> <span class='ocrx_word' id='word_1_125' title='bbox 897 2152 1129 2248; x_wconf 75' lang='lat' dir='ltr'>heinricum,</span> <span class='ocrx_word' id='word_1_126' title='bbox 1154 2150 1207 2223; x_wconf 91' lang='lat' dir='ltr'>vi·</span> 
     </span>
     <span class='ocr_line' id='line_1_18' title="bbox 16 2250 1205 2352; baseline -0.005 -24"><span class='ocrx_word' id='word_1_127' title='bbox 16 2267 17 2336; x_wconf 64' lang='grc' dir='ltr'>Ξ</span> <span class='ocrx_word' id='word_1_128' title='bbox 109 2256 246 2328; x_wconf 88' lang='lat' dir='ltr'>delicet</span> <span class='ocrx_word' id='word_1_129' title='bbox 270 2255 428 2330; x_wconf 86' lang='lat' dir='ltr'>Conradi</span> <span class='ocrx_word' id='word_1_130' title='bbox 453 2253 584 2352; x_wconf 69' lang='lat' dir='ltr'>filium7</span> <span class='ocrx_word' id='word_1_131' title='bbox 612 2250 782 2328; x_wconf 83' lang='lat' dir='ltr'>necnon</span> <span class='ocrx_word' id='word_1_132' title='bbox 810 2265 847 2327; x_wconf 90' lang='lat' dir='ltr'>et</span> <span class='ocrx_word' id='word_1_133' title='bbox 873 2277 1011 2352; x_wconf 87' lang='lat' dir='ltr'>papam</span> <span class='ocrx_word' id='word_1_134' title='bbox 1037 2253 1205 2324; x_wconf 89' lang='lat' dir='ltr'>Leonem</span> 
     </span>
     <span class='ocr_line' id='line_1_19' title="bbox 16 2353 1207 2455; baseline -0.004 -28"><span class='ocrx_word' id='word_1_135' title='bbox 16 2365 17 2400; x_wconf 61' lang='grc'><strong>1</strong></span> <span class='ocrx_word' id='word_1_136' title='bbox 109 2357 266 2430; x_wconf 89' lang='lat' dir='ltr'>haberet</span> <span class='ocrx_word' id='word_1_137' title='bbox 286 2356 465 2455; x_wconf 91' lang='lat' dir='ltr'>propitios</span> <span class='ocrx_word' id='word_1_138' title='bbox 486 2367 598 2455; x_wconf 88' lang='lat' dir='ltr'>atque</span> <span class='ocrx_word' id='word_1_139' title='bbox 617 2355 797 2428; x_wconf 88' lang='lat' dir='ltr'>voluntati</span> <span class='ocrx_word' id='word_1_140' title='bbox 812 2378 881 2427; x_wconf 90' lang='lat' dir='ltr'>sue</span> <span class='ocrx_word' id='word_1_141' title='bbox 895 2379 965 2453; x_wconf 90' lang='lat' dir='ltr'>per</span> <span class='ocrx_word' id='word_1_142' title='bbox 979 2353 1106 2428; x_wconf 87' lang='lat' dir='ltr'>omnia</span> <span class='ocrx_word' id='word_1_143' title='bbox 1120 2375 1207 2424; x_wconf 88' lang='lat' dir='ltr'>con·</span> 
     </span>
     <span class='ocr_line' id='line_1_20' title="bbox 109 2453 1206 2553; baseline -0.006 -22"><span class='ocrx_word' id='word_1_144' title='bbox 109 2468 330 2553; x_wconf 72' lang='lat' dir='ltr'>sentaneos,</span> <span class='ocrx_word' id='word_1_145' title='bbox 351 2460 388 2529; x_wconf 91' lang='lat' dir='ltr'>in</span> <span class='ocrx_word' id='word_1_146' title='bbox 408 2458 581 2531; x_wconf 87' lang='lat' dir='ltr'>omnihus</span> <span class='ocrx_word' id='word_1_147' title='bbox 601 2456 815 2531; x_wconf 86' lang='lat' dir='ltr'>borealibus</span> <span class='ocrx_word' id='word_1_148' title='bbox 834 2455 975 2553; x_wconf 72' lang='lat' dir='ltr'>regniS,</span> <span class='ocrx_word' id='word_1_149' title='bbox 1002 2454 1116 2527; x_wconf 89' lang='lat' dir='ltr'>Dacie</span> <span class='ocrx_word' id='word_1_150' title='bbox 1137 2453 1206 2526; x_wconf 88' lang='lat' dir='ltr'>sci-</span> 
     </span>
     <span class='ocr_line' id='line_1_21' title="bbox 108 2553 1207 2656; baseline -0.005 -26"><span class='ocrx_word' id='word_1_151' title='bbox 108 2559 207 2656; x_wconf 74' lang='lat' dir='ltr'>licet,</span> <span class='ocrx_word' id='word_1_152' title='bbox 221 2558 373 2655; x_wconf 73' lang='lat' dir='ltr'>Suedie⁷</span> <span class='ocrx_word' id='word_1_153' title='bbox 387 2558 598 2655; x_wconf 65' lang='lat' dir='ltr'>Norwegie,</span> <span class='ocrx_word' id='word_1_154' title='bbox 610 2560 763 2632; x_wconf 85' lang='lat' dir='ltr'>&#39;functus</span> <span class='ocrx_word' id='word_1_155' title='bbox 779 2567 839 2630; x_wconf 90' lang='lat' dir='ltr'>est</span> <span class='ocrx_word' id='word_1_156' title='bbox 852 2555 1072 2629; x_wconf 89' lang='lat' dir='ltr'>auctoritate</span> <span class='ocrx_word' id='word_1_157' title='bbox 1088 2553 1207 2625; x_wconf 89' lang='lat' dir='ltr'>archi·</span> 
     </span>
     <span class='ocr_line' id='line_1_22' title="bbox 109 2654 1207 2758; baseline -0.008 -26"><span class='ocrx_word' id='word_1_158' title='bbox 109 2659 315 2758; x_wconf 88' lang='lat' dir='ltr'>episcopali</span> <span class='ocrx_word' id='word_1_159' title='bbox 344 2670 380 2732; x_wconf 90' lang='lat' dir='ltr'>et</span> <span class='ocrx_word' id='word_1_160' title='bbox 405 2658 605 2756; x_wconf 82' lang='lat' dir='ltr'>legationis</span> <span class='ocrx_word' id='word_1_161' title='bbox 633 2659 840 2757; x_wconf 88' lang='lat' dir='ltr'>apostolice</span> <span class='ocrx_word' id='word_1_162' title='bbox 858 2655 1077 2730; x_wconf 90' lang='lat' dir='ltr'>ministerio.</span> <span class='ocrx_word' id='word_1_163' title='bbox 1128 2654 1207 2725; x_wconf 87' lang='lat' dir='ltr'>Nec</span> 
     </span>
     <span class='ocr_line' id='line_1_23' title="bbox 109 2753 1207 2857; baseline -0.01 -23"><span class='ocrx_word' id='word_1_164' title='bbox 109 2762 177 2834; x_wconf 62' lang='lat' dir='ltr'>hisv</span> <span class='ocrx_word' id='word_1_165' title='bbox 189 2772 402 2853; x_wconf 70' lang='lat' dir='ltr'>contentae,</span> <span class='ocrx_word' id='word_1_166' title='bbox 422 2759 696 2857; x_wconf 88' lang='lat' dir='ltr'>patriarchatus</span> <span class='ocrx_word' id='word_1_167' title='bbox 712 2761 897 2833; x_wconf 91' lang='lat' dir='ltr'>honorem</span> <span class='ocrx_word' id='word_1_168' title='bbox 912 2755 1064 2855; x_wconf 88' lang='lat' dir='ltr'>assequi</span> <span class='ocrx_word' id='word_1_169' title='bbox 1078 2753 1207 2848; x_wconf 74' lang='lat' dir='ltr'>voluit,</span> 
     </span>
     <span class='ocr_line' id='line_1_24' title="bbox 110 2854 1206 2956; baseline -0.008 -22"><span class='ocrx_word' id='word_1_170' title='bbox 110 2886 154 2934; x_wconf 90' lang='lat' dir='ltr'>eo</span> <span class='ocrx_word' id='word_1_171' title='bbox 175 2861 321 2935; x_wconf 88' lang='lat' dir='ltr'>scilicet</span> <span class='ocrx_word' id='word_1_172' title='bbox 339 2860 483 2956; x_wconf 81' lang='lat' dir='ltr'>ordine,</span> <span class='ocrx_word' id='word_1_173' title='bbox 502 2871 542 2932; x_wconf 89' lang='lat' dir='ltr'>ut</span> <span class='ocrx_word' id='word_1_174' title='bbox 560 2860 655 2933; x_wconf 86' lang='lat' dir='ltr'>infra</span> <span class='ocrx_word' id='word_1_175' title='bbox 674 2860 858 2934; x_wconf 89' lang='lat' dir='ltr'>terminos</span> <span class='ocrx_word' id='word_1_176' title='bbox 878 2883 946 2933; x_wconf 90' lang='lat' dir='ltr'>sue</span> <span class='ocrx_word' id='word_1_177' title='bbox 966 2854 1143 2956; x_wconf 89' lang='lat' dir='ltr'>parochie</span> <span class='ocrx_word' id='word_1_178' title='bbox 1161 2856 1206 2927; x_wconf 81' lang='lat'>12</span> 
     </span>
     <span class='ocr_line' id='line_1_25' title="bbox 109 2960 1207 3060; baseline -0.008 -25"><span class='ocrx_word' id='word_1_179' title='bbox 109 2973 294 3035; x_wconf 86' lang='lat' dir='ltr'>statueret</span> <span class='ocrx_word' id='word_1_180' title='bbox 326 2962 567 3060; x_wconf 90' lang='lat' dir='ltr'>episcopatus</span> <span class='ocrx_word' id='word_1_181' title='bbox 581 2960 607 3056; x_wconf 68' lang='lat'>³,</span> <span class='ocrx_word' id='word_1_182' title='bbox 647 2966 692 3035; x_wconf 90' lang='lat' dir='ltr'>de</span> <span class='ocrx_word' id='word_1_183' title='bbox 724 2962 858 3059; x_wconf 91' lang='lat' dir='ltr'>quibus</span> <span class='ocrx_word' id='word_1_184' title='bbox 890 2982 1044 3031; x_wconf 91' lang='lat' dir='ltr'>narrare</span> <span class='ocrx_word' id='word_1_185' title='bbox 1076 2979 1207 3054; x_wconf 90' lang='lat' dir='ltr'>super-</span> 
     </span>
     <span class='ocr_line' id='line_1_26' title="bbox 110 3060 1210 3160; baseline -0.007 -25"><span class='ocrx_word' id='word_1_186' title='bbox 110 3087 272 3137; x_wconf 93' lang='lat' dir='ltr'>vacuum</span> <span class='ocrx_word' id='word_1_187' title='bbox 297 3073 367 3151; x_wconf 64' lang='grc' dir='ltr'>θεῖ,</span> <span class='ocrx_word' id='word_1_188' title='bbox 396 3086 440 3134; x_wconf 90' lang='lat' dir='ltr'>eo</span> <span class='ocrx_word' id='word_1_189' title='bbox 462 3066 558 3160; x_wconf 88' lang='lat' dir='ltr'>quod</span> <span class='ocrx_word' id='word_1_190' title='bbox 579 3062 811 3160; x_wconf 89' lang='lat' dir='ltr'>sapientibus</span> <span class='ocrx_word' id='word_1_191' title='bbox 830 3060 971 3158; x_wconf 89' lang='lat' dir='ltr'>ineptie</span> <span class='ocrx_word' id='word_1_192' title='bbox 991 3061 1152 3156; x_wconf 88' lang='lat' dir='ltr'>quedam</span> <span class='ocrx_word' id='word_1_193' title='bbox 1172 3065 1210 3128; x_wconf 88' lang='lat' dir='ltr'>et</span> 
     </span>
     <span class='ocr_line' id='line_1_27' title="bbox 110 3157 1207 3257; baseline -0.008 -20"><span class='ocrx_word' id='word_1_194' title='bbox 110 3163 607 3237; x_wconf 85' lang='lat' dir='ltr'>deliramentavisaluerint.</span> <span class='ocrx_word' id='word_1_195' title='bbox 627 3160 876 3238; x_wconf 83' lang='lat' dir='ltr'>Confluebant</span> <span class='ocrx_word' id='word_1_196' title='bbox 889 3160 1001 3257; x_wconf 83' lang='lat' dir='ltr'>igitur</span> <span class='ocrx_word' id='word_1_197' title='bbox 1014 3159 1050 3231; x_wconf 93' lang='lat' dir='ltr'>in</span> <span class='ocrx_word' id='word_1_198' title='bbox 1067 3157 1207 3230; x_wconf 86' lang='lat' dir='ltr'>curiam</span> 
     </span>
     <span class='ocr_line' id='line_1_28' title="bbox 111 3256 1210 3360; baseline -0.01 -21"><span class='ocrx_word' id='word_1_199' title='bbox 111 3267 191 3339; x_wconf 91' lang='lat' dir='ltr'>eius</span> <span class='ocrx_word' id='word_1_200' title='bbox 214 3266 319 3337; x_wconf 92' lang='lat' dir='ltr'>multi</span> <span class='ocrx_word' id='word_1_201' title='bbox 335 3268 552 3337; x_wconf 87' lang='lat' dir='ltr'>sacerdotes</span> <span class='ocrx_word' id='word_1_202' title='bbox 570 3274 607 3337; x_wconf 91' lang='lat' dir='ltr'>et</span> <span class='ocrx_word' id='word_1_203' title='bbox 620 3262 800 3360; x_wconf 70' lang='lat' dir='ltr'>religiosi,</span> <span class='ocrx_word' id='word_1_204' title='bbox 819 3262 988 3359; x_wconf 90' lang='lat' dir='ltr'>plerique</span> <span class='ocrx_word' id='word_1_205' title='bbox 1004 3258 1118 3331; x_wconf 89' lang='lat' dir='ltr'>etiam</span> <span class='ocrx_word' id='word_1_206' title='bbox 1133 3256 1210 3355; x_wconf 92' lang='lat' dir='ltr'>epi-</span> 
     </span>
     <span class='ocr_line' id='line_1_29' title="bbox 111 3360 1212 3466; baseline -0.01 -26"><span class='ocrx_word' id='word_1_207' title='bbox 111 3366 230 3466; x_wconf 77' lang='lat' dir='ltr'>scopi,</span> <span class='ocrx_word' id='word_1_208' title='bbox 257 3366 318 3463; x_wconf 91' lang='lat' dir='ltr'>qui</span> <span class='ocrx_word' id='word_1_209' title='bbox 346 3366 496 3439; x_wconf 88' lang='lat' dir='ltr'>sedibus</span> <span class='ocrx_word' id='word_1_210' title='bbox 526 3364 604 3439; x_wconf 90' lang='lat' dir='ltr'>suis</span> <span class='ocrx_word' id='word_1_211' title='bbox 634 3361 818 3437; x_wconf 85' lang='lat' dir='ltr'>exturbati</span> <span class='ocrx_word' id='word_1_212' title='bbox 844 3384 978 3434; x_wconf 89' lang='lat' dir='ltr'>mense</span> <span class='ocrx_word' id='word_1_213' title='bbox 1002 3360 1083 3432; x_wconf 90' lang='lat' dir='ltr'>eius</span> <span class='ocrx_word' id='word_1_214' title='bbox 1104 3368 1212 3431; x_wconf 89' lang='lat' dir='ltr'>erant</span> 
     </span>
     <span class='ocr_line' id='line_1_30' title="bbox 111 3459 1211 3566; baseline -0.01 -25"><span class='ocrx_word' id='word_1_215' title='bbox 111 3467 326 3566; x_wconf 88' lang='lat' dir='ltr'>participes.</span> <span class='ocrx_word' id='word_1_216' title='bbox 372 3467 539 3555; x_wconf 83' lang='lat' dir='ltr'>Quorum</span> <span class='ocrx_word' id='word_1_217' title='bbox 566 3465 712 3539; x_wconf 90' lang='lat' dir='ltr'>sarcina</span> <span class='ocrx_word' id='word_1_218' title='bbox 738 3464 821 3562; x_wconf 91' lang='lat' dir='ltr'>ipse</span> <span class='ocrx_word' id='word_1_219' title='bbox 847 3462 1014 3535; x_wconf 89' lang='lat' dir='ltr'>alleviari</span> <span class='ocrx_word' id='word_1_220' title='bbox 1040 3459 1211 3559; x_wconf 70' lang='lat' dir='ltr'>cupiens,</span> 
     </span>
     <span class='ocr_line' id='line_1_31' title="bbox 111 3560 1210 3661; baseline -0.009 -19"><span class='ocrx_word' id='word_1_221' title='bbox 111 3568 322 3642; x_wconf 89' lang='lat' dir='ltr'>transmisit</span> <span class='ocrx_word' id='word_1_222' title='bbox 347 3592 413 3641; x_wconf 91' lang='lat' dir='ltr'>eos</span> <span class='ocrx_word' id='word_1_223' title='bbox 437 3568 473 3639; x_wconf 93' lang='lat' dir='ltr'>in</span> <span class='ocrx_word' id='word_1_224' title='bbox 493 3566 724 3639; x_wconf 89' lang='lat' dir='ltr'>latitudinem</span> <span class='ocrx_word' id='word_1_225' title='bbox 745 3564 927 3661; x_wconf 70' lang='lat' dir='ltr'>gentium,</span> <span class='ocrx_word' id='word_1_226' title='bbox 955 3565 1137 3661; x_wconf 91' lang='lat' dir='ltr'>quosdam</span> <span class='ocrx_word' id='word_1_227' title='bbox 1156 3560 1210 3631; x_wconf 93' lang='lat' dir='ltr'>lo·</span> 
     </span>
    </p>
   </div>
   <div class='ocr_carea' id='block_1_4' title="bbox 16 3665 1212 4061">
    <p class='ocr_par' dir='ltr' id='par_1_8' title="bbox 16 3665 1211 3909">
     <span class='ocr_line' id='line_1_32' title="bbox 16 3665 1211 3765; baseline -0.012 -21"><span class='ocrx_word' id='word_1_228' title='bbox 16 3742 18 3765; x_wconf 63' lang='grc'><strong>,</strong></span> <span class='ocrx_word' id='word_1_229' title='bbox 112 3694 204 3743; x_wconf 90' lang='lat' dir='ltr'>cans</span> <span class='ocrx_word' id='word_1_230' title='bbox 225 3669 337 3742; x_wconf 89' lang='lat' dir='ltr'>certis</span> <span class='ocrx_word' id='word_1_231' title='bbox 357 3668 523 3757; x_wconf 55' lang='lat' dir='ltr'>sedibuS„</span> <span class='ocrx_word' id='word_1_232' title='bbox 543 3670 727 3765; x_wconf 86' lang='lat' dir='ltr'>quosdam</span> <span class='ocrx_word' id='word_1_233' title='bbox 745 3665 910 3738; x_wconf 90' lang='lat' dir='ltr'>incertis.</span> <span class='ocrx_word' id='word_1_234' title='bbox 950 3679 973 3733; x_wconf 82' lang='grc' dir='ltr'>Ε</span> <span class='ocrx_word' id='word_1_235' title='bbox 993 3680 1120 3753; x_wconf 77' lang='lat' dir='ltr'>quitus</span> <span class='ocrx_word' id='word_1_236' title='bbox 1135 3677 1211 3732; x_wconf 72' lang='lat' dir='ltr'>Eio-</span> 
     </span>
     <span class='ocr_line' id='line_1_33' title="bbox 16 3762 1211 3838; baseline -0.012 -14"><span class='ocrx_word' id='word_1_237' title='bbox 16 3776 17 3833; x_wconf 57' lang='lat' dir='ltr'>l</span> <span class='ocrx_word' id='word_1_238' title='bbox 112 3771 198 3823; x_wconf 76' lang='lat' dir='ltr'>nem⁴</span> <span class='ocrx_word' id='word_1_239' title='bbox 223 3768 430 3838; x_wconf 80' lang='lat' dir='ltr'>subrogavit</span> <span class='ocrx_word' id='word_1_240' title='bbox 455 3766 573 3822; x_wconf 83' lang='lat' dir='ltr'>Abelino</span> <span class='ocrx_word' id='word_1_241' title='bbox 599 3768 626 3820; x_wconf 87' lang='lat' dir='ltr'>in</span> <span class='ocrx_word' id='word_1_242' title='bbox 650 3764 825 3835; x_wconf 83' lang='lat' dir='ltr'>Aldenbnrg,</span> <span class='ocrx_word' id='word_1_243' title='bbox 852 3764 1007 3819; x_wconf 81' lang='lat' dir='ltr'>Aristonem</span> <span class='ocrx_word' id='word_1_244' title='bbox 1033 3762 1167 3831; x_wconf 77' lang='lat' dir='ltr'>quendam</span> <span class='ocrx_word' id='word_1_245' title='bbox 1195 3776 1211 3811; x_wconf 86' lang='lat' dir='ltr'>a</span> 
     </span>
     <span class='ocr_line' id='line_1_34' title="bbox 16 3832 1210 3909; baseline -0.013 -9"><span class='ocrx_word' id='word_1_246' title='bbox 16 3844 17 3883; x_wconf 42' lang='grc' dir='ltr'><strong>Τ</strong></span> <span class='ocrx_word' id='word_1_247' title='bbox 112 3843 295 3899; x_wconf 84' lang='lat' dir='ltr'>iherosolimis</span> <span class='ocrx_word' id='word_1_248' title='bbox 314 3842 466 3897; x_wconf 86' lang='lat' dir='ltr'>venientem</span> <span class='ocrx_word' id='word_1_249' title='bbox 487 3842 514 3895; x_wconf 91' lang='lat' dir='ltr'>in</span> <span class='ocrx_word' id='word_1_250' title='bbox 534 3840 692 3909; x_wconf 78' lang='lat' dir='ltr'>Racosburg&#39;</span> <span class='ocrx_word' id='word_1_251' title='bbox 709 3856 769 3893; x_wconf 89' lang='lat' dir='ltr'>esse</span> <span class='ocrx_word' id='word_1_252' title='bbox 788 3837 990 3900; x_wconf 87' lang='lat' dir='ltr'>constituit,</span> <span class='ocrx_word' id='word_1_253' title='bbox 1019 3834 1164 3887; x_wconf 87' lang='lat' dir='ltr'>lohannem</span> <span class='ocrx_word' id='word_1_254' title='bbox 1182 3832 1210 3884; x_wconf 91' lang='lat' dir='ltr'>in</span> 
     </span>
    </p>

    <p class='ocr_par' dir='ltr' id='par_1_9' title="bbox 16 3904 1212 4061">
     <span class='ocr_line' id='line_1_35' title="bbox 113 3904 1212 3986; baseline -0.014 -15"><span class='ocrx_word' id='word_1_255' title='bbox 113 3916 289 3986; x_wconf 81' lang='lat' dir='ltr'>Mihilinburg</span> <span class='ocrx_word' id='word_1_256' title='bbox 316 3916 517 3970; x_wconf 84' lang='lat' dir='ltr'>destinavit.</span> <span class='ocrx_word' id='word_1_257' title='bbox 557 3914 610 3968; x_wconf 85' lang='lat' dir='ltr'>lste</span> <span class='ocrx_word' id='word_1_258' title='bbox 630 3912 764 3979; x_wconf 85' lang='lat' dir='ltr'>lohannes</span> <span class='ocrx_word' id='word_1_259' title='bbox 784 3908 1008 3983; x_wconf 77' lang='lat' dir='ltr'>peregrinationis</span> <span class='ocrx_word' id='word_1_260' title='bbox 1027 3924 1119 3961; x_wconf 88' lang='lat' dir='ltr'>amore</span> <span class='ocrx_word' id='word_1_261' title='bbox 1138 3904 1212 3959; x_wconf 89' lang='lat' dir='ltr'>Sco-</span> 
     </span>
     <span class='ocr_line' id='line_1_36' title="bbox 16 3986 1211 4061; baseline -0.012 -17"><span class='ocrx_word' id='word_1_262' title='bbox 16 3988 18 4001; x_wconf 72' lang='lat'><em>&#39;</em></span> <span class='ocrx_word' id='word_1_263' title='bbox 114 3992 181 4045; x_wconf 82' lang='lat' dir='ltr'>riam</span> <span class='ocrx_word' id='word_1_264' title='bbox 201 4007 323 4061; x_wconf 81' lang='lat' dir='ltr'>egressus</span> <span class='ocrx_word' id='word_1_265' title='bbox 344 3989 417 4043; x_wconf 89' lang='lat' dir='ltr'>venit</span> <span class='ocrx_word' id='word_1_266' title='bbox 436 3988 463 4041; x_wconf 90' lang='lat' dir='ltr'>in</span> <span class='ocrx_word' id='word_1_267' title='bbox 481 3986 641 4051; x_wconf 85' lang='lat' dir='ltr'>Saxoniam,</span> <span class='ocrx_word' id='word_1_268' title='bbox 663 3996 689 4040; x_wconf 90' lang='lat' dir='ltr'>et</span> <span class='ocrx_word' id='word_1_269' title='bbox 708 3986 869 4051; x_wconf 85' lang='lat' dir='ltr'>clementer,</span> <span class='ocrx_word' id='word_1_270' title='bbox 889 3993 919 4038; x_wconf 92' lang='lat' dir='ltr'>ut</span> <span class='ocrx_word' id='word_1_271' title='bbox 937 3998 1045 4045; x_wconf 83' lang='lat' dir='ltr'>omnes,</span> <span class='ocrx_word' id='word_1_272' title='bbox 1070 3987 1211 4049; x_wconf 84' lang='lat' dir='ltr'>susceptus</span> 
     </span>
    </p>
   </div>
   <div class='ocr_carea' id='block_1_5' title="bbox 110 4139 1211 4371">
    <p class='ocr_par' dir='ltr' id='par_1_10' title="bbox 110 4139 1211 4371">
     <span class='ocr_line' id='line_1_37' title="bbox 116 4139 1211 4224; baseline -0.013 -17"><span class='ocrx_word' id='word_1_273' title='bbox 116 4154 139 4224; x_wconf 96' lang='grc'>1)</span> <span class='ocrx_word' id='word_1_274' title='bbox 167 4154 345 4209; x_wconf 81' lang='lat' dir='ltr'>cheocoteua</span> <span class='ocrx_word' id='word_1_275' title='bbox 374 4194 400 4207; x_wconf 91' lang='lat'>..</span> <span class='ocrx_word' id='word_1_276' title='bbox 426 4158 467 4209; x_wconf 79' lang='lat' dir='ltr'>vir</span> <span class='ocrx_word' id='word_1_277' title='bbox 493 4192 518 4208; x_wconf 85' lang='lat'>..</span> <span class='ocrx_word' id='word_1_278' title='bbox 542 4153 739 4221; x_wconf 82' lang='lat' dir='ltr'>praedicandus</span> <span class='ocrx_word' id='word_1_279' title='bbox 758 4151 776 4203; x_wconf 93' lang='grc'>1.</span> <span class='ocrx_word' id='word_1_280' title='bbox 795 4148 812 4204; x_wconf 93' lang='grc'>1.</span> <span class='ocrx_word' id='word_1_281' title='bbox 833 4167 856 4203; x_wconf 88' lang='lat' dir='ltr'>c.</span> <span class='ocrx_word' id='word_1_282' title='bbox 879 4146 922 4200; x_wconf 87' lang='grc'>18.</span> <span class='ocrx_word' id='word_1_283' title='bbox 1014 4143 1042 4210; x_wconf 81' lang='grc'>2)</span> <span class='ocrx_word' id='word_1_284' title='bbox 1065 4139 1211 4196; x_wconf 75' lang='lat' dir='ltr'>Atratinum</span> 
     </span>
     <span class='ocr_line' id='line_1_38' title="bbox 110 4214 1211 4292; baseline -0.012 -13"><span class='ocrx_word' id='word_1_285' title='bbox 110 4228 203 4281; x_wconf 67' lang='lat' dir='ltr'>vlerunt</span> <span class='ocrx_word' id='word_1_286' title='bbox 228 4238 363 4282; x_wconf 88' lang='lat' dir='ltr'>mortuum</span> <span class='ocrx_word' id='word_1_287' title='bbox 391 4245 448 4281; x_wconf 87' lang='lat' dir='ltr'>esse</span> <span class='ocrx_word' id='word_1_288' title='bbox 475 4244 499 4281; x_wconf 87' lang='lat' dir='ltr'>a.</span> <span class='ocrx_word' id='word_1_289' title='bbox 534 4224 614 4279; x_wconf 86' lang='lat'><strong>1053.</strong></span> <span class='ocrx_word' id='word_1_290' title='bbox 726 4222 753 4292; x_wconf 90' lang='grc'>3)</span> <span class='ocrx_word' id='word_1_291' title='bbox 779 4221 813 4275; x_wconf 90' lang='lat' dir='ltr'>V.</span> <span class='ocrx_word' id='word_1_292' title='bbox 839 4222 937 4277; x_wconf 80' lang='lat' dir='ltr'>Adam.</span> <span class='ocrx_word' id='word_1_293' title='bbox 965 4218 982 4272; x_wconf 95' lang='lat' dir='ltr'>l.</span> <span class='ocrx_word' id='word_1_294' title='bbox 1010 4214 1060 4270; x_wconf 90' lang='lat' dir='ltr'>lll.</span> <span class='ocrx_word' id='word_1_295' title='bbox 1086 4233 1147 4286; x_wconf 89' lang='lat' dir='ltr'>cap.</span> <span class='ocrx_word' id='word_1_296' title='bbox 1166 4214 1211 4267; x_wconf 79' lang='lat'>32.</span> 
     </span>
     <span class='ocr_line' id='line_1_39' title="bbox 113 4291 983 4371; baseline -0.009 -20"><span class='ocrx_word' id='word_1_297' title='bbox 113 4301 139 4371; x_wconf 77' lang='grc'>1)</span> <span class='ocrx_word' id='word_1_298' title='bbox 158 4298 272 4356; x_wconf 79' lang='lat' dir='ltr'>Emonia</span> <span class='ocrx_word' id='word_1_299' title='bbox 289 4302 374 4355; x_wconf 79' lang='lat' dir='ltr'>etiam</span> <span class='ocrx_word' id='word_1_300' title='bbox 395 4300 521 4355; x_wconf 86' lang='lat' dir='ltr'>meminit</span> <span class='ocrx_word' id='word_1_301' title='bbox 540 4298 675 4353; x_wconf 84' lang='lat' dir='ltr'>Lambcrt.</span> <span class='ocrx_word' id='word_1_302' title='bbox 695 4295 834 4351; x_wconf 83' lang='lat' dir='ltr'>Hersleld.</span> <span class='ocrx_word' id='word_1_303' title='bbox 856 4313 880 4349; x_wconf 86' lang='lat' dir='ltr'>a.</span> <span class='ocrx_word' id='word_1_304' title='bbox 903 4291 983 4345; x_wconf 78' lang='lat' dir='ltr'>tort.</span> 
     </span>
    </p>
   </div>
   <div class='ocr_carea' id='block_1_6' title="bbox 934 4370 958 4440">
    <p class='ocr_par' dir='ltr' id='par_1_11' title="bbox 934 4370 958 4440">
     <span class='ocr_line' id='line_1_40' title="bbox 934 4370 958 4440; baseline 0 0"><span class='ocrx_word' id='word_1_305' title='bbox 934 4370 958 4440; x_wconf 83' lang='lat'>4</span> 
     </span>
    </p>
   </div>
   <div class='ocr_carea' id='block_1_7' title="bbox 0 0 1515 4900">
    <p class='ocr_par' dir='ltr' id='par_1_12' title="bbox 0 0 1515 4900">
     <span class='ocr_line' id='line_1_41' title="bbox 0 0 1515 4900; baseline 0 0"><span class='ocrx_word' id='word_1_306' title='bbox 0 0 1515 4900; x_wconf 95' lang='lat' dir='ltr'> </span> 
     </span>
    </p>
   </div>
  </div>
 </body>
</html>
