3000 4900
149 415 395 491 HELMOLDI
413 414 655 491 CHRONICA
672 412 940 489 SLAVORUM.
966 412 1052 486 LlB.
1071 411 1097 484 l.
1153 416 1221 485 171

123 642 209 692 rum
229 616 435 715 civitatum,
461 615 633 689 exierunt
649 615 780 689 Dania.
815 616 919 688 Tunc
937 612 1053 687 δαείη
1073 613 1145 685 alia
1165 612 1223 687 via

125 730 165 792 et
184 718 340 791 consilio
360 728 470 790 utens
490 717 618 790 statuit
635 716 798 792 transire
818 719 864 789 ad
879 715 1035 789 Sclavos
1056 724 1093 786 et
1112 724 1222 787 utens

124 818 332 892 diversorio
353 818 499 892 comitis
517 818 673 915 Lubike,
692 817 841 891 transiit
859 820 904 889 ad
918 814 1103 887 Niclotum
1124 814 1222 913 prin·

123 919 248 1018 cipem
269 919 535 993 Obotritorum.
578 919 824 1017 Precepitque
851 920 922 989 dux
942 913 1142 989 Sclavis'in
1163 914 1223 987 Al·

122 1022 295 1117 denburg
306 1021 389 1092 etin
404 1029 502 1092 terra
519 1020 788 1113 Obotritorurn,
804 1030 844 1090 ut
858 1018 1079 1090 adiuvarent
1093 1014 1219 1088 Sucin.

121 1115 1221 1218 Acceptisquenavibuspaucis,venitpacificusinLalande

123 1233 162 1295 et
179 1222 322 1294 invenit
340 1245 406 1294 eos
424 1222 659 1318 gratulantes
681 1224 727 1293 de
742 1221 893 1292 introitu
908 1219 1040 1317 ipsius,
1058 1242 1102 1290 eo
1123 1218 1221 1313 quod

121 1325 169 1395 ab
188 1322 292 1394 initio
310 1321 448 1395 fuerint
467 1322 501 1394 εί
519 1321 662 1395 fideles.
705 1322 794 1394 lnde
821 1322 968 1394 transiit
986 1321 1022 1393 ίη
1040 1317 1220 1393 Feoniam

122 1433 161 1495 et
180 1421 319 1496 addidit
337 1446 422 1495 earn
442 1422 522 1496 sibi.
549 1421 694 1495 Dehinc
712 1424 922 1520 procedens
937 1421 974 1495 in
990 1422 1153 1517 reliquas
1169 1422 1222 1495 in·

122 1523 228 1596 sulas
260 1522 440 1618 minores,
471 1522 579 1595 donis
612 1533 724 1620 atque
756 1522 955 1619 promissis
987 1522 1126 1595 addidit
1152 1522 1221 1596 sibi

123 1648 237 1721 quarn
266 1623 463 1722 plurimos,
489 1646 630 1695 cavens
657 1622 812 1697 insidias
840 1635 877 1697 et
902 1634 1101 1697 contutans
1122 1647 1164 1712 se
1184 1623 1220 1696 in

121 1724 215 1797 locis
225 1723 466 1797 firmissimis.
492 1724 911 1821 HisigiturrecognitiS,
925 1725 1220 1822 Kanutusatque

122 1825 386 1898 Waldemarus
403 1834 587 1897 venerunt
604 1848 689 1896 curn
705 1825 885 1920 exercitu,
904 1837 942 1897 ut
959 1835 1221 1921 expugnarent

123 1924 239 1999 δαείη
268 1936 306 1997 et
324 1925 492 1998 eicerent
519 1948 606 1997 eum
634 1925 680 1997 de
699 1936 811 1997 terra.
849 1926 976 1997 atine
996 1928 1222 1999 consederat

121 2024 159 2097 in
190 2026 370 2123 Lalande,
402 2036 555 2125 paratus
588 2027 634 2097 ad
666 2025 934 2121 resistendum,
963 2026 1075 2099 simul
1107 2025 1220 2099 etiam

121 2124 272 2199 adiutus
299 2125 476 2199 firmitate
504 2127 683 2199 locorum.
727 2126 916 2199 Mediante
943 2128 1080 2199 domno
1103 2127 1221 2221 Helya

123 2225 299 2324 pontifice
334 2230 380 2300 de
408 2227 502 2324 Ripa
530 2238 567 2299 et
600 2227 827 2325 principibus
864 2227 1059 2323 utriusque
1091 2228 1220 2326 partio,

123 2327 308 2399 discordie
340 2330 384 2399 ad
418 2351 551 2425 pacem
584 2327 761 2400 inclinate
792 2338 880 2400 sunt
912 2337 949 2399 et
975 2327 1137 2401 divisum
1164 2337 1223 2400 est

121 2452 284 2524 regnum
303 2427 340 2500 in
359 2438 437 2501 tres
458 2440 595 2526 partes.
629 2427 674 2502 Et
693 2431 777 2504 data
799 2438 856 2501 est
866 2428 1107 2503 Waldernaro
1123 2427 1222 2502 luth·

122 2529 247 2625 lande,
274 2529 421 2601 Kanuto
441 2529 583 2626 Selant,
607 2528 722 2602 δαείη
741 2529 879 2625 Scone,
906 2553 979 2626 que
1000 2529 1087 2603 viris
1108 2541 1146 2603 et
1164 2554 1222 2602 ar·
1323 2603 1329 2608 ,

124 2630 197 2702 mis
214 2632 442 2727 prestantior
456 2653 544 2704 esse
560 2632 746 2728 probatur.
773 2632 929 2705 Ceteras
944 2629 1087 2704 insulas
1103 2631 1221 2702 nrino·

123 2753 187 2803 res
213 2731 337 2825 partiti
364 2742 452 2803 sunt
476 2730 627 2805 cuilibet
650 2755 718 2828 pro
748 2755 817 2803 sna
845 2733 1133 2830 opportunitate.
1177 2733 1222 2804 Et

123 2855 172 2902 ηε
214 2831 408 2928 pactiones
440 2832 692 2927 irritarentur,
723 2827 1020 2904 iuramentoruni
1058 2831 1221 2905 adhibita

121 2941 213 3004 sunt
231 2941 480 3007 sacramenta.
517 2933 607 3004 Post
624 2933 695 3004 heo
713 2932 884 3004 Kanutus
904 2943 942 3005 et
957 2933 1220 3006 Waldemarus

122 3032 297 3105 fecerunt
314 3032 528 3105 convivium
546 3031 754 3105 maximum
778 3032 815 3104 in
834 3032 995 3106 Selande
1014 3033 1050 3106 in
1071 3032 1220 3107 civitate

121 3157 197 3230 que
228 3132 361 3206 dicitur
391 3133 613 3229 Roschilde,
650 3144 687 3207 et
723 3133 976 3208 invitaverunt
1015 3145 1219 3232 cognatum

10 3312 11 3333 ἶ
120 3258 233 3306 suum
254 3234 383 3331 δαείη,
408 3248 447 3307 ut
466 3235 688 3308 exhiberent
707 3234 740 3306 ei
760 3237 944 3308 honorem
965 3246 1001 3308 et
1019 3235 1220 3308 recreatio·

10 3344 11 3355 ’
121 3358 227 3431 nem,
243 3345 281 3407 et
295 3335 581 3407 consolarentur
594 3358 680 3407 eum
694 3359 811 3434 super
825 3337 998 3409 omnibus
1015 3337 1137 3433 malis,
1148 3360 1220 3434 que

122 3434 387 3532 irrogaverunt
412 3436 447 3508 ei
470 3436 506 3508 in
527 3436 585 3508 die
606 3435 725 3509 hostis
746 3447 784 3507 et
803 3436 899 3509 belli.
936 3437 983 3508 At
1000 3436 1062 3508 ille
1080 3461 1148 3534 pro
1168 3437 1221 3509 in-

124 3537 253 3633 genita
281 3535 349 3609 sibi
373 3537 605 3633 crudelitate,
635 3536 694 3608 ubi
716 3535 888 3610 convivio
913 3538 1056 3611 assedit
1077 3547 1114 3610 et
1133 3537 1222 3611 vidit

120 3659 238 3734 reges
256 3637 434 3711 convivas
446 3637 655 3736 impavidos
669 3649 707 3710 et
720 3637 824 3710 omni
838 3637 1054 3736 suspicione
1066 3661 1220 3733 vacUOS,

120 3737 225 3836 oepit
250 3737 379 3810 rirnari
398 3749 527 3837 aptum
547 3737 691 3812 insidiis
709 3739 845 3811 locum.
882 3739 1018 3819 Tertia,
1029 3738 1142 3836 igitur
1160 3738 1219 3811 die
1233 3757 1312 3814 1157.

120 3837 299 3935 convivii,
318 3863 404 3912 curn
423 3840 497 3912 iarn
512 3843 669 3913 tenebre
684 3840 805 3913 noctis
820 3843 1011 3935 adessent,
1030 3830 1332 3913 annuentelurd·

123 3938 254 4036 Suein,
282 3941 383 4013 allati
409 3951 495 4014 sunt
521 3939 647 4038 gladii,
675 3952 713 4014 et
737 3941 962 4039 insilientes,
988 3941 1140 4039 regibus
1168 3941 1222 4013 in·

121 4041 265 4137 cautio,
290 4042 479 4124 Kanutum
506 4051 663 4141 repente
690 4042 904 4139 perfodiunt
919 4043 942 4114 ¹.
981 4043 1029 4116 At
1054 4041 1113 4115 ubi
1138 4065 1221 4140 per·

121 4194 150 4321 ἷ)
171 4195 228 4323 Rdex
248 4193 368 4251 Canutus
394 4197 500 4252 occisus
524 4205 564 4250 est
586 4195 664 4252 1157.
691 4196 761 4269 Aug.
781 4196 813 4261 9;
839 4215 864 4252 r.
883 4193 991 4252 Necrol.
1017 4195 1171 4266 Lunebnrg.
1192 4205 1219 4250 et

148 4287 185 4322 uu
207 4287 280 4324 ense.
