3000 4900
158 523 160 528 ,
226 386 228 390 ’
298 434 368 507 uu
421 430 665 506 untuotm
683 432 924 508 ennomus
943 432 1210 508 staverun.
1237 432 1324 507 uu.
1344 433 1371 505 1.

293 631 1395 733 omnihus,quianonhahuitviresconfligendncumuxore

294 742 333 805 et
357 732 495 805 familia
522 733 615 831 fugit
645 736 690 808 ad
716 758 822 807 marc
851 744 889 807 et
914 735 1169 808 transfretavit
1194 734 1230 808 in
1256 734 1394 808 Alden·
1488 762 1489 767 ¹

295 835 400 929 burg.
443 832 525 921 Quo
552 835 769 932 recognito,
795 857 925 907 comes
955 835 1111 909 Adollus
1143 836 1395 909 vehementer

294 933 465 1007 extimuit
503 945 703 1032 eventum,
741 934 863 1007 virum
899 934 1042 1010 scilicet
1072 936 1393 1036 potentissimum,

294 1033 400 1111 cuius
418 1036 568 1109 frenum
586 1036 622 1107 in
641 1034 803 1109 maxillis
829 1035 1054 1136 populorum
1074 1037 1242 1109 omnium
1261 1040 1393 1110 borea·

292 1134 383 1208 lium
411 1136 634 1232 nationump·
653 1146 811 1235 repente
839 1138 1037 1211 deiectum.
1080 1136 1253 1236 Cupienti
1278 1136 1393 1235 igitur

292 1236 455 1309 transire
481 1260 550 1336 per
572 1248 714 1311 terram
742 1261 850 1325 suam
881 1238 1038 1311 multam
1067 1238 1234 1311 exhibuit
1260 1260 1392 1311 comes
1489 1314 1490 1329 χ

292 1338 589 1435 humanitatem,
613 1338 836 1437 divertitque
859 1338 896 1413 in
916 1338 1120 1413 Saxoniam
1142 1342 1188 1412 ad
1215 1360 1392 1412 socerum
1489 1334 1490 1351 ¹

292 1463 403 1516 suum
424 1441 651 1536 Cunradum,
677 1440 935 1514 marchionem
954 1442 1001 1513 de
1021 1439 1175 1536 within,
1195 1449 1232 1512 et
1251 1437 1393 1512 mansit

288 1539 364 1613 illic
382 1540 491 1613 annis
511 1541 590 1614 fere
610 1542 766 1615 duobus.

199 1656 282 1713 1156.
367 1640 407 1713 ln
425 1651 599 1739 tempore
616 1640 678 1713 illo
693 1643 767 1714 dux
784 1652 915 1714 noster
927 1640 1125 1713 Heinricus
1144 1640 1232 1714 adiit
1247 1638 1390 1713 curiam

208 1731 495 1860 {pt-Ratistone
517 1744 563 1815 ad
583 1741 840 1841 recipiendum
860 1744 1036 1815 ducatum
1055 1742 1234 1815 Bawarie.
1271 1738 1393 1837 Siqui-

256 1846 263 1862 ‘
291 1844 378 1916 dem
395 1842 634 1917 Frethericus
660 1867 771 1917 cesar
790 1845 951 1917 eundem
971 1845 1148 1916 ducatum
1168 1851 1300 1941 patruo
1322 1863 1390 1914 suo
1490 1878 1491 1913 fi

290 1943 443 2017 abstulit
461 1954 499 2017 et
517 1943 673 2018 reddidit
691 1945 775 2017 duci
795 1954 938 2041 nostru,
959 1967 1003 2017 eo
1020 1946 1116 2041 quud
1133 1942 1283 2017 fidelem
1303 1964 1392 2014 eum

272 2044 327 2117 *in
354 2043 481 2117 Italica
509 2044 746 2143 expeditione
773 2056 811 2118 et
838 2046 974 2119 ceteris
998 2044 1160 2142 negotiis
1179 2042 1288 2142 regni
1306 2066 1391 2140 per·

291 2144 487 2219 senserit¹.
523 2146 570 2218 Et
588 2156 757 2219 creatum
777 2157 835 2219 est
855 2145 889 2219 ei
909 2170 1047 2219 numen
1068 2169 1221 2241 novum,
1243 2143 1389 2217 Heinri-

290 2269 358 2319 cus
376 2244 467 2340 Leo,
487 2247 560 2319 dux
577 2245 746 2320 Bawarie
766 2257 804 2319 et
821 2247 996 2321 Saxonie.

366 2346 532 2420 Peractis
560 2346 673 2444 igitur
690 2351 803 2421 rebus
824 2349 870 2420 ad
889 2358 1031 2445 votum,
1054 2350 1188 2422 ducem
1209 2346 1311 2420 curia
1330 2369 1389 2419 re-

290 2449 469 2521 deuntem
488 2447 661 2522 adierunt
686 2448 875 2548 principes
895 2448 1071 2546 Saxonis,
1089 2448 1388 2548 interpellantes,
1491 2441 1492 2530 l

287 2558 329 2620 ut
352 2548 462 2624 fieret
479 2548 594 2622 Suein
620 2549 757 2623 auxilio
777 2560 816 2624 et
832 2554 1031 2623 reduceret
1056 2574 1142 2622 eum
1169 2549 1206 2622 in
1226 2572 1388 2647 regnum
1491 2601 1492 2604 ,

287 2674 411 2723 suum.
437 2649 913 2749 Promisitque-duciSuein
929 2651 1129 2750 pecuniam
1146 2649 1387 2724 immensam.

287 2750 455 2825 Collecta
480 2750 593 2848 igitur
617 2751 781 2824 maxima
809 2751 951 2848 militia,
979 2753 1052 2825 dux
1077 2761 1208 2824 noster
1235 2748 1387 2824 hiemali

288 2860 461 2949 ternpore
478 2851 626 2925 reduxit
644 2852 760 2926 Suein
780 2853 816 2924 in
835 2851 1032 2948 Daniam²,
1052 2862 1089 2925 et
1108 2853 1234 2925 statim
1254 2861 1385 2949 aperte

288 2962 377 3025 sunt
393 2952 427 3024 ei
454 2952 624 3026 civitates
643 2952 826 3027 Sleswich
846 2962 883 3026 et
900 2953 1006 3051 Ripa.
1041 2954 1122 3025 Non
1142 2962 1270 3025 tamen
1291 2951 1386 3024 ultra

287 3052 505 3150 prosperari
531 3063 704 3151 poterant
729 3054 766 3126 in
786 3054 951 3150 negotio.
993 3054 1087 3125 Nam
1107 3053 1223 3127 Suein
1251 3052 1386 3150 gluria-

287 3163 348 3225 tus
377 3152 580 3251 sepissime
603 3155 726 3226 fuerat
750 3157 848 3251 apud
873 3157 1030 3252 ducem,
1056 3155 1142 3252 quia
1168 3153 1385 3227 venientem

288 3275 332 3326 se
357 3276 444 3325 cum
472 3254 637 3327 exercitu
656 3253 750 3326 Dani
771 3255 866 3327 ultro
886 3265 1018 3328 essent
1036 3254 1239 3353 excepturi.
1277 3252 1384 3341 Quod

286 3351 386 3426 iuxta
415 3355 645 3428 sententiam
670 3355 750 3428 eius
778 3353 931 3429 minime
957 3355 1082 3429 cessit.
1125 3355 1255 3427 Nullus
1284 3353 1385 3427 enim

286 3453 325 3526 in
352 3463 430 3526 tota
457 3455 647 3529 Danorum
673 3466 775 3529 terra
800 3455 879 3553 fuit,
906 3455 968 3554 qui
994 3456 1183 3554 reciperet
1209 3478 1296 3527 eum
1321 3464 1386 3526 aut
1430 3492 1442 3515 ..

284 3566 505 3628 occurreret
536 3556 599 3629 illi.
645 3556 822 3630 Sentiens
854 3557 967 3655 igitur
991 3557 1072 3652 itte,
1102 3554 1288 3653 refragari
1314 3554 1384 3628 sihi

285 3655 475 3729 fortunam
500 3667 537 3730 et
561 3682 696 3731 omnes
724 3659 901 3756 refugere
926 3681 1024 3755 ase,
1051 3657 1140 3730 dixit
1158 3659 1202 3730 ad
1229 3659 1384 3729 ducem:

288 3757 425 3829 Cossus
438 3764 490 3829 est
507 3757 616 3831 labor
632 3765 769 3854 noster,
784 3757 912 3831 melius
931 3763 986 3830 est
1000 3764 1044 3830 ut
1054 3756 1257 3830 redeamus
1288 3755 1385 3847 Ouid

288 3859 381 3930 enim
394 3857 559 3954 prodest,
574 3862 883 3932 siuustauerimus
895 3866 1044 3955 terrum,
1059 3865 1095 3931 et
1105 3857 1384 3953 spoliaverimus

284 3959 519 4031 innocentes?
552 3959 757 4032 Veientibus
774 3960 879 4033 nobis
898 3985 981 4033 cum
996 3959 1163 4032 hostibus
1181 3960 1384 4054 contlipere,

284 4057 390 4131 loeus
407 4083 481 4132 non
500 4066 564 4156 est,
591 4085 633 4133 eo
651 4059 752 4158 quod
764 4065 989 4158 profupiunt
1006 4084 1030 4132 u
1047 4060 1164 4156 nobis,
1190 4067 1226 4132 et
1243 4065 1383 4132 munse-

183 4161 186 4166 ’
284 4166 355 4231 ont
366 4158 417 4232 od
430 4162 608 4235 interiora
622 4164 747 4234 muris.
776 4163 949 4261 Acceptis
965 4162 1078 4259 igitur
1088 4160 1278 4234 obsidibus
1294 4161 1387 4234 dua·

288 4277 313 4348 1)
335 4276 415 4332 1156.
436 4277 511 4349 Sept.
530 4277 573 4333 17.
664 4280 691 4350 2)
712 4277 791 4336 Conl.
810 4279 882 4337 Anu.
901 4279 1026 4352 Magdeh.
1046 4298 1071 4336 a.
1094 4279 1174 4335 1156.
1284 4357 1287 4364 .
