3000 4900
290 491 340 564 ro
389 433 642 558 nunnoum
660 435 907 555 cunamen
924 477 1194 554 smvouun.
1222 477 1311 551 ns.
1326 478 1358 559 ι
1435 500 1484 515 -ψ

291 711 431 786 magna
456 680 713 782 indignatione
731 681 901 756 recessit
954 681 1050 754 Cum
1069 679 1184 780 igitur
1202 680 1288 776 dux,
1309 704 1395 753 mu·

287 795 371 862 'tato
392 783 563 876 consili02
583 781 741 857 nuncios
759 793 848 881 post
864 807 953 856 eum
972 781 1181 877 direxisset,
1196 791 1238 854 ut
1256 805 1395 855 concu-

293 887 381 990 pitis
399 884 585 986 potiretur
611 883 765 984 nuptiiS,
791 882 856 957 ille
882 883 1046 957 refertur·
1066 883 1143 956 tale
1169 880 1318 956 dedisse
1335 904 1394 980 re·

295 1011 494 1088 sponsum:
516 987 669 1079 Oportet
684 981 829 1080 quidem
844 1007 1060 1079 praerosam
1077 985 1203 1079 moysi
1214 984 1399 1076 principis

293 1095 435 1183 neptem
453 1087 749 1180 prestantissima
775 1087 855 1167 viro
883 1084 1067 1181 copulari,
1101 1108 1174 1157 non
1200 1106 1285 1156 vero
1310 1084 1400 1155 carri

268 1189 274 1204 ‘
295 1189 390 1262 dari.
410 1186 550 1283 Mopso
561 1187 688 1282 qratia
702 1185 807 1257 nobis
815 1208 889 1278 pro
906 1188 1053 1258 servitio
1067 1187 1238 1281 referteo,
1258 1190 1299 1256 ut
1316 1185 1396 1255 iam
1483 1276 1484 1279 Ἴ

296 1313 416 1385 canes,
435 1312 508 1362 non
526 1285 687 1358 homines
704 1285 917 1358 iudicemur.
960 1285 1002 1358 Si
1018 1288 1131 1382 ipitrrr
1149 1287 1252 1357 canis
1268 1283 1401 1357 vatem

296 1393 421 1486 fuerit,
440 1385 594 1484 ritaqrros
612 1407 758 1459 morsus
776 1385 892 1459 dabit.
944 1378 1082 1460 Et'hoc
1103 1385 1243 1483 dicens,
1271 1392 1397 1459 rever·

297 1515 362 1564 sus
383 1500 442 1564 est
466 1489 503 1561 in
523 1487 723 1561 Sclaviam.
766 1486 815 1558 Et
835 1486 957 1585 primo
980 1487 1149 1560 omnium
1167 1484 1342 1559 transivit
1358 1486 1402 1558 in

297 1590 485 1664 civitatem
502 1588 654 1685 Rethre‚
669 1612 742 1685 que
758 1586 868 1660 estin
885 1596 989 1661 terra
1003 1587 1240 1683 liutitiorum,
1260 1608 1398 1660 convo·
1483 1628 1484 1631 =

298 1691 468 1789 catisque
487 1687 661 1761 omnibus
681 1686 826 1763 Sclavis
852 1687 915 1786 qui
940 1689 986 1760 ad
1010 1687 1195 1762 orientem
1213 1686 1398 1782 habitant,
1483 1764 1484 1769 ,

297 1789 483 1865 intimavit
501 1789 556 1863 eis
574 1788 720 1862 illatam
738 1787 808 1860 sibi
827 1789 1109 1886 contumeliam,
1124 1799 1163 1862 et
1181 1787 1268 1886 quia
1281 1786 1403 1860 Saxo·
1483 1840 1484 1865 2

299 1917 391 1966 num
408 1915 502 1964 voce
516 1886 643 1963 Sclavi
659 1912 773 1962 canes
791 1899 984 1964 vocentur.
1016 1889 1154 1962 Atilii:
1178 1888 1309 1960 Merito
1322 1887 1402 1985 lrec2
1483 1912 1484 1955 1

298 1991 483 2090 inquiunt,
496 1993 651 2086 pateris,
674 1992 736 2086 qui
753 2013 924 2083 sperneres
943 1989 1162 2064 contribules
1181 1997 1277 2084 tuos,
1296 2013 1401 2062 ecco·
1483 2054 1484 2065 ,

185 2143 187 2148 -
299 2095 401 2167 luisti
420 2091 598 2186 Senones,
616 2090 955 2186 pentemperfidom
972 2097 1192 2164 staverem.
1226 2091 1404 2186 luroipi·
1483 2138 1485 2181 3

302 2203 363 2268 tur
380 2191 496 2288 nobis,
516 2189 615 2287 quod
633 2189 782 2263 deseras
800 2214 873 2289 cos)
893 2199 927 2264 et
944 2190 1123 2279 stabimus
1138 2199 1264 2265 tecum.
1296 2191 1405 2264 lura·

302 2294 431 2392 vitque
451 2291 515 2366 eis.

361 2393 582 2492 Postquam
610 2401 736 2466 autem
765 2393 839 2466 dux
864 2390 1091 2491 Bernardus,
1119 2391 1405 2493 emergentibus

301 2494 445 2591 canen,
471 2518 577 2569 arma
614 2494 794 2567 adversus
829 2518 1001 2569 cesarem
1039 2494 1244 2593 corripuit7‘
1276 2491 1405 2568 Sclavi
1483 2513 1484 2588 j

303 2594 557 2695 oportunitate
577 2605 745 2694 accepta,
766 2605 998 2693 congregato
1018 2596 1196 2692 exercitu,
1218 2622 1298 2667 rotam
1316 2613 1406 2683 primo

301 2693 523 2765 Nordalbingiam
545 2693 617 2748 terro
637 2702 664 2748 et
683 2694 744 2764 igne
766 2696 921 2764 depopulati
948 2704 1024 2756 sunt3
1051 2696 1149 2749 deinde
1169 2698 1300 2767 reliquam
1321 2713 1406 2766 pera·
1483 2747 1484 2750 ,

303 2777 410 2840 grantes
429 2766 613 2832 sclavaniam,
638 2784 732 2820 omnes
756 2767 884 2821 ecciesiae
907 2768 1086 2823 incenderunt
1109 2779 1135 2823 et
1153 2771 1186 2823 ad
1209 2769 1299 2823 solum
1318 2786 1408 2855 usque

303 2842 459 2905 diruerunt;
482 2843 635 2894 sacerdotes
655 2848 745 2895 autem
775 2848 802 2893 et
825 2840 943 2911 reliquos
969 2842 1144 2896 ecclesiarum
1165 2843 1300 2896 ministros
1324 2846 1407 2896 ranis
1483 2851 1484 2878 ³

304 2914 443 2986 suppliciis
463 2922 616 2975 enecantes,
636 2912 739 2966 nullum
760 2913 941 2967 cristianitatis
961 2916 1101 2984 vestigium
1122 2925 1195 2969 trans
1211 2915 1319 2970 Albiam
1335 2916 1407 2969 reli-

306 2990 450 3060 querunt¹.
482 2987 563 3057 Apud
578 2984 792 3055 Hammembnrg
807 3003 840 3040 eo
857 2994 978 3056 tempore
998 3006 1030 3041 ac
1045 2989 1171 3059 deinceps
1185 2990 1260 3042 multi
1281 3006 1312 3041 er
1332 2990 1407 3043 clero
1483 2981 1484 2992 ¹

305 3070 333 3115 ct
351 3061 456 3115 civibus
476 3059 504 3113 in
518 3059 698 3130 captivitatem
717 3060 828 3113 abducti
845 3070 919 3123 sont,
939 3062 1030 3131 piures
1049 3061 1130 3115 ctiam
1150 3062 1285 3115 interiecti
1298 3070 1410 3133 propter

187 3164 191 3171 ·
305 3131 607 3188 odiumcristianitatis.
646 3130 800 3186 Narrant
825 3132 1406 3207 senioresSclavorum‚quiornnes
1483 3177 1484 3190 ι

307 3200 485 3260 barbarorum
505 3214 594 3275 gestas
613 3222 656 3258 res
677 3206 704 3258 in
724 3206 854 3260 memoria
874 3215 1008 3271 tenent,
1027 3206 1187 3275 Aldenlrurg
1205 3208 1339 3262 civitatem
1354 3226 1412 3280 po-
1483 3199 1485 3252 l

307 3279 500 3350 puletissimsm
514 3281 548 3332 dc
561 3277 694 3331 cristianis
707 3277 843 3333 inventam
857 3280 947 3333 luisse.
972 3279 1116 3351 Sexaginta
1130 3280 1234 3352 igitur
1247 3282 1410 3351 presbytcri,

307 3352 403 3406 ceteris
432 3368 507 3405 more
536 3353 670 3421 pecudum
697 3352 876 3414 obtruncatis,
907 3352 945 3406 ibi
971 3356 1006 3408 ad
1036 3353 1184 3408 ludibrium
1207 3354 1306 3408 serrati
1333 3366 1408 3409 sunt.
1483 3359 1484 3388 ³

308 3422 430 3491 Quorum
452 3425 537 3477 maior
556 3424 609 3477 loci
630 3424 782 3494 prepositus
800 3422 896 3479 Oddar
914 3442 1013 3481 nomen
1035 3426 1137 3483 habuit.
1174 3426 1225 3481 lllc
1243 3428 1326 3497 igitur
1345 3446 1409 3481 cum
1483 3481 1484 3494 ,

307 3498 402 3553 ceteris
429 3498 477 3551 tali
501 3496 620 3550 martirio
646 3507 848 3552 consummatus
873 3507 927 3561 est,
960 3507 1003 3562 ut,
1032 3509 1095 3555 cute
1120 3500 1215 3569 capitis
1240 3500 1268 3553 in
1297 3504 1410 3554 modum
1483 3539 1484 3546 ι

308 3570 396 3625 crucis
414 3569 499 3623 incisa
520 3570 608 3630 terro,
630 3571 770 3624 cerebrum
786 3571 898 3641 singulis
918 3572 1077 3642 aperiretur.
1112 3572 1218 3627 Deinde
1241 3572 1329 3642 ligatis
1350 3583 1412 3644 post

308 3653 381 3713 terga
400 3642 538 3705 manibus,
559 3641 727 3696 consessores
740 3642 790 3697 Dei
810 3660 858 3713 per
876 3645 995 3715 singulas
1012 3646 1133 3700 civitates
1149 3644 1308 3701 Sclavorurn
1329 3648 1410 3702 tracti
1483 3673 1484 3708 ι

308 3726 384 3781 ιιιιιῑ,
411 3717 579 3786 usquedum
600 3716 755 3770 delicerent.
793 3715 895 3770 Taliter
913 3717 953 3772 illi
973 3719 1156 3787 spectaculum
1177 3720 1241 3773 tacti
1260 3729 1287 3775 et
1306 3720 1412 3791 augelis
1483 3769 1484 3772 ,

309 3797 337 3843 ct
362 3788 529 3853 hominibus,
558 3787 585 3841 in
612 3789 700 3843 stadio
726 3789 807 3843 medii
834 3807 928 3844 cursus
950 3791 1109 3847 exhalarunt
1127 3791 1256 3847 rictorem
1276 3794 1414 3863 spiritum.
1483 3805 1484 3830 ³

308 3860 395 3918 Multa
419 3860 447 3914 in
473 3862 545 3915 hunc
572 3862 682 3915 modum
709 3877 758 3933 per
781 3864 900 3917 diversas
926 3861 1084 3919 Sclarorum
1110 3882 1142 3919 sc
1161 3862 1412 3935 Nordallringorom

309 3933 460 4007 provincias
493 3942 557 3988 tunc
582 3934 653 3987 lacta
685 3938 884 4001 memorantur]
918 3954 972 4008 que
999 3938 1160 4009 scriptorum
1189 3940 1301 4009 penuria
1337 3958 1414 3995 nunc
1483 3959 1484 3962 ’

310 4008 443 4063 habentur
471 4023 518 4077 pro
546 4007 652 4061 tabulis.
699 4006 802 4062 Tanti
833 4009 985 4079 denique
1010 4011 1037 4064 in
1065 4010 1206 4066 Sclarania
1231 4012 1415 4069 habentur
1483 4065 1484 4068 ,

311 4080 448 4143 martires,
474 4088 503 4134 ut
527 4080 569 4132 rix
595 4092 704 4151 possent
723 4081 793 4135 libro
812 4082 1015 4153 comprehendi.
1310 4098 1316 4105 '
1483 4151 1484 4154 Ἴ

384 4150 487 4207 Omnes
510 4152 592 4224 igitur
611 4151 700 4208 Sclavi
729 4155 775 4224 qui
800 4155 870 4209 inter
889 4154 997 4211 Albiana
1017 4165 1045 4211 st
1065 4155 1186 4212 Odoram
1215 4158 1339 4212 habitant
1364 4177 1416 4229 per
1483 4161 1485 4204 ἶ

311 4242 396 4279 annos
422 4227 589 4299 septuaginta
609 4235 635 4282 et
661 4228 776 4299 amplius
801 4228 1005 4283 cristianitatsm
1029 4231 1186 4293 coluerunt,
1210 4231 1284 4285 omni
1308 4231 1415 4287 scilicet
1483 4299 1484 4302 Ἴ

312 4322 338 4396 l)
357 4330 437 4383 totam
449 4332 657 4403 -rettquerunt
673 4339 736 4387 sunt
756 4332 814 4387 lere
832 4334 914 4389 rerba
933 4332 1069 4403 Adamiqt.
1088 4333 1121 4388 tt.
1143 4352 1164 4388 c.
1179 4333 1223 4390 to.
