3000 4900
129 460 372 537 Hctmotnl
391 446 637 543 CllllONlCll
652 456 919 535 SLAVORUM
944 455 1031 530 LlB
1049 454 1075 528 1.
1130 456 1200 529 173

101 673 214 777 portu
238 673 278 735 et
300 661 550 758 munimento,
575 684 647 733 nec
671 669 804 759 posset
829 656 920 731 adiri
945 656 1016 731 nisi
1042 656 1199 729 navibus
1277 690 1279 695 ¹

104 763 245 863 parvis,
263 765 338 836 dux
352 762 486 835 iterato
499 784 677 834 sermone
688 760 891 833 convenire
909 757 1008 856 cepit
1023 756 1199 830 comitem

102 864 278 941 Adolfum
295 887 410 961 super
422 860 756 936 insulaLubicensi
771 871 808 933 et
823 870 945 957 portu,
957 858 1072 933 multa
1090 881 1200 955 spon·

100 968 211 1061 dens,
235 989 268 1038 si
259 963 468 1037 voluntati
488 986 557 1036 sue
578 963 777 1075 paruisset
814 962 980 1033 landem
1000 959 1120 1033 victus
1140 980 1199 1029 co-

104 1088 200 1179 mes,
228 1064 318 1138 fecit
341 1065 439 1163 quod
466 1062 677 1137 necessitas
688 1061 914 1175 imperavit
939 1070 976 1133 et
994 1056 1201 1170 resignavit

100 1166 139 1239 ei
158 1176 324 1239 castrum
345 1175 382 1237 et
399 1164 572 1236 insulam.
618 1163 753 1237 Statim
772 1163 924 1236 iubente
944 1164 1038 1233 duce
1056 1157 1201 1232 reversi

104 1276 192 1340 sunt
209 1276 442 1339 mercatores
461 1288 547 1337 cum
566 1264 716 1362 gaudio,
738 1262 900 1336 desertis
918 1260 1202 1335 incommodita-

102 1367 202 1441 tibus
220 1390 319 1438 nove
339 1365 513 1456 civitatis7
528 1375 566 1438 et
584 1374 767 1463 ceperunt
781 1361 999 1436 reedificare
1016 1361 1198 1435 ecclesias

103 1478 142 1539 et
157 1467 282 1539 menia
294 1465 465 1539 civitatis.
484 1468 530 1539 Et
538 1464 834 1538 transmrsrtdux
846 1464 1002 1536 nuncios
1013 1466 1058 1535 ad
1073 1462 1200 1534 civita

101 1577 159 1641 tes
171 1565 732 1679 etregnaaquilonis‚Daniam‚
751 1563 1199 1660 Suediammorwegiam,

102 1668 280 1763 lluciam⁷
308 1667 473 1740 offerens
503 1666 557 1740 eis
585 1690 738 1764 pacem,
767 1676 807 1738 nt
833 1666 1017 1739 haberent
1040 1664 1199 1738 liberum

99 1778 355 1842 commeatum
370 1767 531 1840 adeundi
550 1766 739 1839 civitatem
756 1790 864 1839 suam
879 1767 1032 1841 Lubike.
1062 1770 1107 1841 Et
1126 1779 1200 1841 sta·

100 1870 170 1943 tuit
188 1869 262 1941 illic
281 1878 472 1941 monetam
496 1879 534 1939 et
551 1868 741 1940 teloneum
763 1877 801 1939 et
815 1866 894 1939 iura
910 1868 1068 1941 civitatis
1085 1870 1200 1941 hone·

101 1970 282 2044 stissima.
318 1970 433 2043 Abeo
451 1978 624 2066 tempore
643 1978 907 2065 prosperatum
929 1980 988 2041 est
1002 1993 1097 2068 opus
1113 1969 1200 2041 civi-

10 2085 11 2090 ’
102 2070 189 2143 tatis
207 2080 245 2142 et
268 2068 535 2167 multiplicatus
551 2080 609 2141 est
624 2093 804 2142 numerus
820 2070 1033 2142 accolarum
1055 2070 1148 2143 eius.

10 2179 11 2182 ’
178 2172 239 2245 86.
269 2167 418 2242 Obsidio
442 2167 779 2241 Mediolanensium.
838 2171 904 2243 His
929 2170 1049 2243 ferme
1068 2170 1293 2244 diebnstrss.

51 2364 55 2368 ι
100 2271 302 2345 accersivit
320 2270 547 2343 fortissimus
568 2294 678 2343 cesar
690 2270 928 2344 Frethericus
948 2294 1082 2343 omnes
1103 2272 1200 2370 prin-

9 2427 10 2430 ,
103 2373 207 2472 cipes
217 2370 380 2447 Saxonie
398 2370 433 2441 in
452 2370 685 2443 obsidionem
696 2372 988 2445 Mediolanensis
1002 2371 1161 2444 civitatis
1173 2368 1202 2442 ¹:

104 2476 210 2572 Opus
229 2473 342 2571 igitur
360 2472 428 2543 fuit
446 2474 580 2545 ducem
598 2483 768 2544 nostrum
791 2473 959 2570 negociis
980 2473 1125 2570 publice
1145 2471 1199 2544 rei

101 2573 365 2670 sollempniter
377 2575 525 2645 adesse
539 2572 793 2670 -Quapropter
807 2574 906 2671 cepit
920 2574 1047 2671 sopire
1062 2573 1200 2646 discor·

100 2675 183 2748 dias
212 2697 286 2772 qne
311 2684 419 2746 erant
436 2673 530 2745 intra
552 2677 741 2769 ducatum,
768 2675 959 2789 sapienter
978 2697 1200 2772 precavenS,

102 2799 152 2848 ne
166 2774 349 2848 tumultus
364 2773 476 2871 aliqui
493 2785 767 2871 consurgerent
781 2774 816 2845 in
834 2775 1043 2875 principum
1058 2784 1201 2847 cetero·

102 2897 264 2974 rumque
281 2873 459 2948 nobilium
477 2875 658 2946 absentia.
695 2875 945 2948 Transmissis
964 2886 1088 2949 autem
1108 2899 1201 2946 nun·

103 2975 185 3090 ciis,
204 2975 354 3049 vocavit
370 2997 502 3071 regem
522 2973 713 3046 Danorum
730 2977 1011 3049 Waldemarum
1027 2978 1071 3048 ad
1088 2975 1202 3048 collo·¹

103 3076 234 3174 quium
254 3086 292 3149 et
310 3075 427 3149 iunxit
446 3098 531 3147 curn
551 3099 596 3147 eo
616 3074 810 3148 amicitias
836 3079 882 3149 llt
895 3077 1043 3193 rogavit
1056 3101 1122 3150 rex
1137 3078 1202 3148 du·

102 3201 211 3292 comm,
223 3186 263 3248 ut
279 3177 423 3248 faceret
442 3175 510 3247 sibi
526 3199 658 3272 pacem
676 3178 722 3249 de
737 3175 896 3274 Sclavis,
916 3180 976 3276 qui
993 3177 1074 3250 sine
1089 3177 1203 3250 inter·

102 3276 287 3351 missione
311 3279 511 3350 vastabant
537 3300 697 3374 regnum
725 3276 827 3374 eius.
855 3290 893 3352 et
916 3289 1050 3378 pactus
1080 3289 1140 3352 est
1167 3278 1201 3351 ei

100 3377 268 3490 amplius
295 3401 409 3474 quam
439 3375 544 3449 mille
571 3401 720 3450 marcas
746 3381 904 3476 argenti
946 3379 1200 3468 Quamobrem

101 3477 275 3578 precepit
299 3480 373 3550 dux
400 3477 598 3551 Sclavos
588 3503 624 3549 m
656 3479 927 3575 presentiam
922 3503 1031 3552 suam
1058 3481 1201 3576 venire⁷

101 3578 288 3653 Niclotunr
310 3577 455 3651 scilicet
469 3590 507 3650 et
520 3589 681 3677 ceteros,
697 3589 734 3652 et
749 3580 921 3653 astrinxit
934 3605 1000 3654 eos
1020 3591 1200 3680 precepto

101 3691 143 3753 et
161 3680 386 3774 iuramento,
414 3690 456 3769 nt
480 3691 678 3752 servarent
696 3705 831 3778 pacem
855 3691 933 3754 tam
951 3682 1067 3756 Danis
1088 3705 1200 3780 quam

101 3780 315 3855 Saxonibus
335 3803 458 3893 usque
475 3782 519 3853 ad
539 3781 700 3854 reditum
724 3807 846 3856 suum.
881 3784 926 3856 Et
945 3792 984 3857 ut
1005 3782 1201 3880 pactiones

101 3891 187 3954 rate
203 3890 347 3977 essent
366 3879 476 3953 iussit
495 3903 628 3954 omnes
644 3881 823 3996 piraticas
844 3907 960 3958 naves
980 3883 1201 3957 Sclavorum

103 3981 262 4081 perduci
297 3935 440 4054 Lrlbike
473 3992 511 4053 et
541 3984 677 4055 nuncio
709 4009 779 4057 suo
809 3985 1032 4082 presentari
1079 3987 1126 4058 At
1150 3984 1201 4056 illi

102 4092 263 4182 propter
288 4081 398 4155 solite
416 4081 639 4156 temeritatis
659 4107 794 4156 ausum
825 4095 862 4157 et
880 4084 1109 4158 vicinitatem
1134 4085 1202 4158 lta·

102 4183 179 4256 lice
198 4182 460 4281 expeditionis,
478 4207 620 4282 paucas
635 4185 837 4258 admodum
853 4210 971 4262 naves
992 4197 1029 4260 et
1048 4189 1202 4261 easdem

105 4300 131 4374 1)
153 4299 277 4356 Seruum
297 4299 447 4358 Mediolani
465 4303 571 4357 obsidio
591 4303 660 4358 iacta
681 4311 721 4359 est
739 4321 764 4358 a.
786 4302 865 4359 1159.
885 4302 935 4358 lul.
951 4304 976 4360 3.
