3000 4900
134 450 139 458 '
257 481 307 552 aa
338 475 605 551 nurruuomr
624 474 865 550 aurorum
884 473 1152 549 suavorum.
1179 475 1307 549 arar

257 678 328 752 dio.
369 677 422 752 lbi
443 677 632 791 pugnavit·
648 675 935 750 robustissimus
960 671 1133 775 quisque,
1148 685 1358 774 'quousque

258 778 517 876 obrigesceret
534 777 709 876 gladius
698 801 737 850 ιιι
757 778 929 850 manibus
950 777 1041 850 eius.
1074 779 1119 851 Et
1136 778 1280 875 repieta
1302 787 1361 852 est

259 883 394 953 domam
409 877 717 952 sanctificationis
730 877 936 950 morticinis
948 887 986 950 et
997 878 1256 975 cadaveribus,
1276 903 1360 993 pro·

255 979 520 1078 {irrueruntque
545 981 592 1052 de
620 977 767 1052 acervis
796 987 1030 1050 mortuorum
1058 978 1126 1051 rivi
1149 978 1362 1077 sanguinis,

257 1084 353 1154 adeo
373 1091 414 1153 ut
429 1079 603 1154 Tiberina
621 1077 764 1152 fluenta
785 1079 1048 1152 mutarentur
1038 1103 1074 1151 m
1091 1079 1257 1153 colorem
1274 1104 1361 1154 san·

259 1179 395 1294 guinis.
439 1179 513 1254 Sed
533 1179 630 1294 quid
638 1179 764 1253 multis
783 1179 976 1253 inm0r0r2
1015 1181 1184 1254 Domnus
1194 1205 1303 1295 papa
1323 1189 1362 1254 et

260 1281 399 1377 ceteri,
427 1281 488 1378 qui
515 1279 694 1353 occisioni
723 1281 1045 1379 superfuerant,
1035 1305 1073 1352 m
1103 1281 1361 1379 captivitatem

260 1381 359 1456 ducti
379 1391 475 1454 sunt.
507 1381 663 1454 Videres
681 1380 797 1476 igitur
815 1380 1025 1454 cardinales
1047 1381 1196 1455 funibus
1212 1382 1249 1455 in
1266 1382 1361 1455 coila

260 1481 389 1556 missis
411 1484 531 1554 nudos
546 1481 658 1578 trahi,
676 1479 810 1554 vinctis
825 1490 913 1578 post
931 1492 1039 1578 terga
1055 1481 1242 1579 manibus,
1263 1485 1361 1557 etde

261 1583 404 1656 civibus
427 1582 622 1655 inmensas
647 1591 906 1654 catenatorum
926 1591 1098 1655 catervas
1119 1583 1212 1656 duci.
1256 1584 1362 1656 Post·

262 1707 375 1781 quarn
408 1681 522 1778 igitur
546 1680 703 1780 profecti
735 1684 781 1754 de
810 1682 927 1754 Roma
955 1693 1142 1756 venerunt
1167 1685 1212 1756 ad
1240 1682 1361 1797 prime

260 1783 632 1879 mansionislocum,
664 1792 912 1854 accesserunt
939 1782 1088 1880 quidam
1123 1782 1292 1881 episcopi
1325 1794 1363 1856 et

260 1882 428 1981 religiosi
443 1885 487 1955 ad
499 1886 679 1956 domnum
692 1907 829 1980 papam
842 1882 1010 1955 dicentes
1022 1886 1185 1956 adeum
1205 1883 1363 1978 Mapnas

262 1984 372 2058 dolor
389 1989 445 2056 est
460 1980 566 2055 cordi
583 1989 723 2078 nostro,
741 1983 970 2055 sanctissime
982 1987 1164 2100 pontisera,
1193 1982 1272 2056 det
1256 1990 1361 2057 tanto

260 2087 447 2179 facinore,
485 2080 585 2180 qaod
615 2085 849 2156 commissam
879 2089 934 2155 est
963 2086 1063 2155 circa
1096 2091 1130 2156 te
1160 2091 1197 2157 et
1226 2084 1363 2158 cleram

263 2191 420 2257 tuamt
384 2209 402 2256 e
436 2187 530 2256 ciues
547 2183 649 2255 ardis
667 2190 736 2255 tae
766 2181 840 2254 Sed
853 2181 955 2256 maia
968 2183 1032 2256 hec
1046 2184 1269 2280 eaipcatidas
1278 2209 1362 2278 pec·

262 2287 357 2358 catis
369 2286 533 2357 nostris
520 2285 719 2376 improuisa
731 2285 852 2378 maqis
864 2305 975 2380 qaam
986 2283 1165 2358 dediderat
1149 2292 1189 2358 ta
1201 2288 1362 2372 sacrant.

260 2385 443 2461 Assentire
461 2408 547 2481 erpo
565 2383 724 2458 nobas
688 2390 724 2457 e
744 2381 977 2479 complacare
996 2382 1143 2459 domino
1162 2393 1303 2483 nasac,
1322 2393 1366 2459 ut

261 2490 396 2581 etipse
422 2479 671 2580 complacetur
697 2485 774 2581 tibi,
800 2492 837 2557 et
853 2488 1025 2578 perfice
1011 2510 1049 2559 m
1069 2510 1114 2559 eo
1141 2510 1232 2580 opas
1258 2486 1359 2560 dene·

261 2587 433 2661 dictionis
457 2594 526 2660 tae
571 2586 714 2674 Quibus
740 2585 803 2659 ille
821 2587 1034 2703 respondit:
1069 2586 1164 2703 Quid
1181 2587 1362 2685 dicitis,o

263 2687 387 2761 dilecti
411 2686 574 2778 fratres?
629 2686 750 2758 Virum
765 2685 892 2757 hanc
878 2688 1053 2783 cuiquam,
1079 2690 1197 2760 viram
1213 2690 1363 2784 sanpai·

262 2812 370 2862 neam
388 2794 424 2860 et
408 2786 611 2861 tdolosam
629 2810 653 2859 a
670 2786 776 2859 nobis
790 2784 1079 2860 consecrandam
1093 2786 1240 2861 dicitis?
1266 2788 1363 2861 Bene

263 2891 425 3007 expiauit
440 2911 573 2961 manas
585 2910 675 2960 suas
689 2886 741 2958 ad
749 2886 1025 2981 percipiendam
1039 2890 1362 2986 consecrationem,

263 2993 327 3087 qai
351 3012 442 3063 aras
458 2988 527 3062 Dei
538 2986 709 3081 perfudit
733 3011 864 3059 cruore
889 2986 1189 3064 sacerdotamt
1152 2996 1189 3062 et
1212 2988 1364 3061 domam

262 3091 568 3179 sanctificationis
599 3088 750 3182 replevit
779 3086 1361 3176 cadaveridasinterfcctorarn1.

263 3189 368 3263 Adsit
352 3196 409 3262 ta
423 3214 479 3262 nae
497 3188 645 3262 verbam
661 3188 748 3283 hoc,
777 3194 820 3260 at
838 3211 902 3283 epo
927 3193 1152 3264 consentiam
1171 3214 1364 3263 consecra·

265 3292 356 3363 tioni
370 3292 457 3386 eius,
477 3292 539 3386 pai
552 3314 591 3362 se
603 3292 723 3382 ipsam
736 3287 974 3361 execrabilem
987 3288 1151 3363 reddidit
1151 3348 1158 3363 .
1135 3291 1364 3388 tCumque

264 3390 316 3463 illi
342 3391 523 3487 dicerent
551 3401 701 3463 cautum
730 3414 819 3463 esse
848 3389 959 3462 saluti
987 3415 1055 3465 sue
1085 3401 1122 3464 et
1149 3415 1281 3464 eorum
1301 3390 1365 3489 qui

266 3501 375 3563 erant
399 3490 436 3561 in
464 3491 701 3588 captivitate,
729 3500 768 3561 ut
790 3511 923 3587 regem
949 3492 1137 3588 placaret,
1170 3492 1367 3589 respondit

268 3615 353 3664 curn
382 3614 522 3687 magna
547 3590 720 3664 libertate
748 3590 896 3663 dicens:
935 3590 1018 3665 Non
1043 3594 1151 3666 tirnm
1177 3589 1367 3666 dominam

123 3712 146 3726 ⁸
266 3699 426 3765 vestrano
443 3714 571 3786 repam.
613 3690 768 3764 Occidet
790 3711 935 3787 corpas,
959 3694 992 3764 si
1009 3691 1097 3788 vait,
1117 3691 1275 3786 amplias
1292 3716 1367 3766 non

265 3792 378 3865 habet
392 3790 481 3889 quid
497 3794 628 3880 faciat.
665 3790 820 3863 Multam
840 3789 984 3887 quidem
995 3800 1239 3888 prosperatus
1257 3800 1312 3866 est
1328 3796 1367 3867 iri

267 3892 354 3965 cede
380 3896 512 3964 civium
537 3900 574 3965 et
599 3891 686 3965 cleri
709 3893 787 3988 sui,
812 3890 879 3963 sed
902 3891 985 3965 dico
1011 3894 1111 3968 uobis
1136 3898 1173 3966 ia
1199 3897 1365 3991 acritate,

267 3996 355 4090 qaia
381 3992 426 4065 de
449 4000 568 4066 cetero
593 4016 667 4065 ιιοιι
691 3999 904 4088 assequetur
921 3996 1126 4091 victorium,
1149 4019 1214 4068 nec
1231 3950 1370 4068 videdii

265 4117 397 4186 pacem
415 4096 453 4165 in
471 4091 597 4165 diebus
613 4096 702 4189 sair,
724 4092 791 4165 scd
807 4116 873 4165 nec
889 4093 1005 4182 filiam
1016 4096 1214 4193 pensabit,
1233 4097 1295 4193 qui
1312 4120 1367 4169 sc·

267 4193 386 4265 deat
342 4200 411 4265 tm
428 4192 610 4267 throno
578 4217 664 4266 aas
697 4195 866 4291 Cumque
885 4195 958 4267 hec
972 4197 1189 4270 renunciata
1206 4198 1371 4271 fuissent

269 4326 294 4401 1)
314 4331 472 4384 domum..
494 4330 729 4397 .tntersectcrum.
768 4328 871 4385 Eadem
892 4331 933 4386 fer
920 4350 949 4387 re
967 4336 1048 4389 verbe
1069 4334 1131 4390 vide
1149 4351 1241 4405 supra.
