3000 4900
114 448 358 525 HELMOLDI
377 451 616 527 CHRONlCA
635 450 900 528 SLAVORUM.
927 452 1012 527 LlB.
1036 454 1076 528 ll.
1133 460 1201 533 197

112 654 177 748 ris,
200 660 235 725 et
249 655 416 726 resumite
432 651 633 726 audaciam
651 660 685 727 et
706 652 840 727 tradite
861 653 949 726 mihi
964 655 1088 728 urbem
1105 656 1201 754 hanc

112 760 150 825 et
172 755 272 827 uiros
293 757 355 851 qai
371 757 501 827 iniuste
526 763 795 850 occupauerunt
809 779 901 851 eum,
929 762 975 833 at.
987 757 1146 831 ulciscar
1163 762 1201 832 in

111 877 186 950 eor,
201 858 299 928 sicat
312 854 412 928 ultus
429 880 510 928 sam
522 859 561 929 in
573 882 635 930 eos
648 859 711 953 qai
723 859 936 929 invaserant
947 856 1196 955 Miltilrnbarp.

109 956 156 1027 Et
182 957 281 1054 cepit
315 981 380 1029 eos
411 981 652 1031 commonere
684 982 801 1056 super
824 957 1023 1055 promisso.
1071 962 1118 1032 At
1148 962 1198 1033 illi

109 1068 345 1153 negaverunt
387 1058 521 1130 timore
565 1059 761 1156 perterriti.
817 1058 1067 1133 Secesserunt
1105 1085 1196 1159 ergo

108 1156 232 1231 Selavi
251 1158 399 1255 long'ius
419 1184 440 1231 a
459 1170 597 1257 castro,
616 1183 661 1231 eo
681 1162 778 1257 quod
794 1159 986 1257 ingrueret
999 1185 1072 1233 nox
1087 1171 1126 1234 et
1139 1187 1197 1234 ea-

109 1268 186 1331 stra
218 1262 389 1332 metanda
425 1272 566 1334 essent.
616 1261 864 1334 Advertentes
902 1271 1028 1335 alitem
1060 1263 1197 1359 Solari,

107 1359 193 1455 quia
214 1360 442 1435 Guneelinns
470 1372 508 1433 et
532 1362 698 1460 quicum
718 1385 763 1433 eo
784 1373 869 1433 sunt
887 1362 954 1433 viri
974 1363 1090 1436 fortes
1110 1376 1198 1437 sunt

107 1470 144 1531 et
159 1460 337 1561 bellicost
352 1486 423 1534 nec
439 1485 555 1559 posse
572 1462 819 1534 unmitionem
837 1462 919 1560 capi
935 1462 1016 1535 sine
1032 1466 1195 1537 maxima

19 1589 21 1680 p
108 1571 251 1659 strage,
277 1563 398 1661 primo
418 1564 576 1636 diluculo
594 1574 836 1636 recesserunt
854 1567 899 1637 ab
918 1564 1133 1662 obsidione,
1157 1576 1195 1639 et

19 1689 20 1710 ³
107 1662 248 1736 reversi
276 1675 363 1736 sunt
387 1666 433 1736 ad
452 1666 533 1737 loca
553 1690 632 1737 sna.
685 1663 915 1738 Guncelinus
934 1664 1058 1759 igitur,
1079 1666 1193 1739 veluti

103 1764 214 1836 torris
230 1776 357 1837 erutus
376 1770 421 1838 ab
441 1764 553 1863 igni¹,
572 1766 701 1838 relicta
719 1766 845 1839 Ylowe
865 1775 902 1838 et
921 1766 1102 1839 collocata
1120 1767 1194 1841 illic

18 1867 19 1908 ³
102 1865 322 1940 Selavorum
350 1868 530 1962 custodia,
556 1866 703 1939 transiit
725 1866 888 1959 Zwerin2
914 1876 950 1938 et
973 1867 1076 1939 letati
1105 1880 1194 1941 sunt

102 1966 329 2041 habitatores
345 1967 445 2040 urbis
461 1970 506 2041 de
521 1970 712 2065 insperato
727 1969 886 2040 adventu
903 1967 995 2039 eius,
1017 1968 1191 2042 Auditum

18 2099 19 2102 ¹
105 2066 202 2138 enim
230 2068 352 2139 fuerat
374 2068 506 2166 pridie,
533 2071 629 2166 quod
656 2062 874 2142 interfectus
901 2068 1035 2143 fuisset
1052 2069 1134 2168 ipse
1155 2080 1192 2143 et

104 2166 172 2237 viri
190 2168 269 2240 eius
289 2168 438 2266 pariter.
543 2179 545 2184 '
631 2171 634 2176 ⁴

178 2270 210 2342 3.
236 2269 290 2342 De
306 2270 472 2344 Beraone
494 2273 672 2365 episcopo.
725 2270 862 2357 Quinto
881 2270 994 2367 igitur
1011 2269 1069 2342 die
1088 2280 1191 2369 post-

101 2393 212 2466 quam
242 2396 422 2470 pereussa
449 2383 508 2444 est
535 2371 806 2468 hlihelenhurg,
833 2371 1027 2444 descendit
1053 2372 1189 2470 Berno³

100 2474 322 2547 venerabilis
339 2475 553 2574 episcopuS,
571 2498 657 2546 curn
676 2474 806 2570 paucis'
823 2472 966 2545 clericis
980 2475 1025 2545 de
1040 2473 1189 2570 Zverin,

101 2575 284 2647 tumulare
301 2576 532 2668 interfectos
559 2570 778 2671 gestans'in
805 2573 900 2645 collo
927 2597 995 2646 suo
1015 2567 1189 2646 sacerdo-

97 2673 185 2745 talia
206 2674 421 2749 indumenta
438 2677 475 2748 in
493 2675 624 2774 quibus
644 2675 783 2752 offerro
801 2698 883 2748 mos
904 2683 971 2748 est.
1002 2675 1048 2748 Et
1064 2675 1187 2774 figens

99 2777 215 2846 altare
232 2779 268 2846 in
282 2778 404 2850 medio
415 2777 710 2872 interfectorum7
725 2776 855 2848 obtulit
870 2801 936 2874 pro
953 2775 1007 2848 eis
1024 2775 1186 2849 hostiam

96 2881 302 2951 salutarem
328 2879 476 2950 domino
496 2879 574 2951 Deo
600 2902 684 2950 cum
710 2879 810 2949 luctu
837 2887 875 2949 et
892 2886 1066 2949 tremore.
1103 2877 1185 2963 Quo

97 2980 171 3052 iarn
192 2978 414 3051 sacrificium
434 2989 653 3076 peragente‚
670 2988 913 3051 surrexerunt
928 2977 1051 3052 Sclavi
1070 2979 1115 3049 de
1131 2978 1185 3048 in·
1317 2985 1318 2990 ’

16 3172 17 3175 ¹
97 3081 214 3176 sidiis,
234 3092 272 3152 nt
289 3091 527 3177 percuterent
547 3078 761 3177 pontificem
777 3090 814 3151 et
828 3078 888 3176 qui
905 3103 990 3151 utun
1006 3102 1051 3150 eo
1067 3088 1183 3150 erant.

16 3184 17 3193 ’
94 3183 168 3255 Sed
198 3181 370 3254 celeriter
393 3179 533 3254 missus
557 3181 675 3253 aDeo
695 3179 913 3279 supervenit
931 3179 1078 3278 quidam
1101 3178 1184 3251 Rei-

95 3284 255 3355 ohardus
275 3285 321 3355 de
340 3282 551 3355 Saltwidele
570 3307 655 3354 oum
675 3281 814 3357 militia.
849 3281 917 3354 llic
936 3280 1072 3371 autlit02
1098 3279 1183 3376 quia

93 3382 324 3456 Gunoelinus
352 3386 533 3456 obsessus
557 3384 818 3477 esset-Ytowe,
844 3406 1024 3478 egressus
1052 3381 1119 3453 luit
1137 3383 1184 3453 ad

92 3483 270 3556 auxilium
296 3484 391 3579 eius,
416 3495 453 3556 et
476 3483 548 3555 iter
571 3482 713 3555 faciens
733 3507 823 3554 casu
843 3481 1061 3580 supervenit
1079 3481 1182 3554 blihi-

91 3586 263 3682 lenhurg,
286 3609 371 3657 cum
390 3584 555 3684 pontifex
576 3608 659 3655 cum
680 3583 760 3680 suis¹
777 3582 852 3655 iarn
871 3582 907 3654 in
928 3583 1058 3655 mortis
1079 3593 1183 3655 esset

92 3687 258 3758 articulo.
303 3685 417 3760 Cuius
443 3688 603 3758 adventu
630 3684 746 3757 territi
772 3683 893 3757 Selavi
922 3685 1118 3782 fugerunt,
1144 3693 1182 3754 et

90 3788 257 3860 salvatus
282 3787 482 3886 episcopus
504 3786 648 3884 peregit
662 3810 757 3884 opus
771 3785 920 3883 pietatis
936 3796 973 3857 et
988 3783 1182 3856 tumulavit

89 3891 138 3962 ‹le
157 3888 361 3961 interfectis
377 3893 421 3961 ad
437 3888 675 3986 septuaginta
692 3910 861 3984 corporaa
881 3896 919 3958 et
938 3891 1028 3984 post'
1040 3887 1111 3956 hee
1124 3908 1180 3956 re·

88 4001 307 4062 versusest
329 3989 475 4062 Zverin.
521 3990 609 4063 Post
634 4013 706 4059 non
727 3987 885 4060 multum
912 4011 1000 4059 vero
1029 3998 1179 4083 tempus

90 4091 331 4188 PribizlavuS‚
350 4093 505 4164 collecta
523 4114 672 4162 rursum
690 4089 909 4162 Selavorum
929 4113 1056 4184 manu,
1079 4086 1181 4158 vonit

87 4190 290 4264 Malaoowe
311 4203 349 4263 et
367 4192 517 4289 Coscin,
543 4203 581 4266 et
597 4191 780 4264 allocutus
797 4200 857 4264 est
874 4189 1102 4283 habitatores
1122 4213 1180 4260 ur·

89 4306 115 4381 l)
136 4308 179 4365 cf.
198 4309 307 4364 Zachar.
327 4309 355 4377 3,
373 4310 400 4364 2.
455 4307 458 4313 '
