<?xml version="1.0" encoding="UTF-8"?>
<!DOCTYPE html PUBLIC "-//W3C//DTD XHTML 1.0 Transitional//EN"
    "http://www.w3.org/TR/xhtml1/DTD/xhtml1-transitional.dtd">
<html xmlns="http://www.w3.org/1999/xhtml" xml:lang="en" lang="en">
 <head>
  <title>
</title>
<meta http-equiv="Content-Type" content="text/html;charset=utf-8" />
  <meta name='ocr-system' content='tesseract 3.04.00' />
  <meta name='ocr-capabilities' content='ocr_page ocr_carea ocr_par ocr_line ocrx_word'/>
</head>
<body>
  <div class='ocr_page' id='page_1' title='image "./helmoldipresbyt00pertgoog_0183.png"; bbox 0 0 3000 4900; ppageno 0'>
   <div class='ocr_carea' id='block_1_1' title="bbox 145 463 1220 543">
    <p class='ocr_par' dir='ltr' id='par_1_1' title="bbox 145 463 1220 543">
     <span class='ocr_line' id='line_1_1' title="bbox 145 463 1220 543; baseline -0.005 -1"><span class='ocrx_word' id='word_1_1' title='bbox 145 467 390 543; x_wconf 74' lang='lat' dir='ltr'><strong><em>uuuuouul</em></strong></span> <span class='ocrx_word' id='word_1_2' title='bbox 408 463 649 543; x_wconf 76' lang='lat' dir='ltr'><strong><em>cuuuutcs</em></strong></span> <span class='ocrx_word' id='word_1_3' title='bbox 667 464 935 540; x_wconf 85' lang='lat' dir='ltr'>SLAVORUM.</span> <span class='ocrx_word' id='word_1_4' title='bbox 962 465 1048 539; x_wconf 85' lang='lat' dir='ltr'><strong><em>ldB.</em></strong></span> <span class='ocrx_word' id='word_1_5' title='bbox 1070 466 1094 539; x_wconf 94' lang='lat' dir='ltr'><strong><em>l.</em></strong></span> <span class='ocrx_word' id='word_1_6' title='bbox 1151 468 1220 539; x_wconf 76' lang='lat'><strong><em>157</em></strong></span> 
     </span>
    </p>
   </div>
   <div class='ocr_carea' id='block_1_2' title="bbox 115 665 1221 1067">
    <p class='ocr_par' dir='ltr' id='par_1_2' title="bbox 115 665 1221 1067">
     <span class='ocr_line' id='line_1_2' title="bbox 117 665 1220 763; baseline -0.004 -20"><span class='ocrx_word' id='word_1_7' title='bbox 117 672 206 743; x_wconf 81' lang='lat' dir='ltr'><strong><em>liter</em></strong></span> <span class='ocrx_word' id='word_1_8' title='bbox 224 668 295 741; x_wconf 88' lang='lat' dir='ltr'><strong><em>ait:</em></strong></span> <span class='ocrx_word' id='word_1_9' title='bbox 325 666 444 739; x_wconf 78' lang='lat' dir='ltr'><strong><em>Dicite</em></strong></span> <span class='ocrx_word' id='word_1_10' title='bbox 460 668 504 760; x_wconf 85' lang='lat' dir='ltr'><strong><em>ei,</em></strong></span> <span class='ocrx_word' id='word_1_11' title='bbox 521 668 611 763; x_wconf 76' lang='lat' dir='ltr'><strong><em>quic</em></strong></span> <span class='ocrx_word' id='word_1_12' title='bbox 628 665 863 752; x_wconf 78' lang='lat' dir='ltr'><strong><em>defectusbic</em></strong></span> <span class='ocrx_word' id='word_1_13' title='bbox 880 690 955 739; x_wconf 83' lang='lat' dir='ltr'><strong><em>uon</em></strong></span> <span class='ocrx_word' id='word_1_14' title='bbox 971 670 1046 755; x_wconf 77' lang='lat' dir='ltr'><strong><em>fuit</em></strong></span> <span class='ocrx_word' id='word_1_15' title='bbox 1061 666 1220 740; x_wconf 76' lang='lat' dir='ltr'><strong><em>ducue-</em></strong></span> 
     </span>
     <span class='ocr_line' id='line_1_3' title="bbox 115 765 1221 866; baseline 0 -27"><span class='ocrx_word' id='word_1_16' title='bbox 115 773 189 866; x_wconf 76' lang='lat' dir='ltr'><strong><em>uis,</em></strong></span> <span class='ocrx_word' id='word_1_17' title='bbox 213 768 283 842; x_wconf 86' lang='lat' dir='ltr'><strong><em>sed</em></strong></span> <span class='ocrx_word' id='word_1_18' title='bbox 304 769 463 840; x_wconf 81' lang='lat' dir='ltr'><strong><em>scientie.</em></strong></span> <span class='ocrx_word' id='word_1_19' title='bbox 507 765 590 839; x_wconf 84' lang='lat' dir='ltr'><strong><em>Non</em></strong></span> <span class='ocrx_word' id='word_1_20' title='bbox 617 769 710 839; x_wconf 82' lang='lat' dir='ltr'><strong><em>enim</em></strong></span> <span class='ocrx_word' id='word_1_21' title='bbox 736 766 899 840; x_wconf 67' lang='lat' dir='ltr'><strong><em>tenendis</em></strong></span> <span class='ocrx_word' id='word_1_22' title='bbox 920 770 1053 862; x_wconf 84' lang='lat' dir='ltr'><strong><em>strepis</em></strong></span> <span class='ocrx_word' id='word_1_23' title='bbox 1069 790 1221 863; x_wconf 71' lang='lat' dir='ltr'><strong><em>enuptio-</em></strong></span> 
     </span>
     <span class='ocr_line' id='line_1_4' title="bbox 115 866 1220 965; baseline -0.002 -23"><span class='ocrx_word' id='word_1_24' title='bbox 115 894 205 965; x_wconf 80' lang='lat' dir='ltr'><strong><em>pere</em></strong></span> <span class='ocrx_word' id='word_1_25' title='bbox 220 866 383 942; x_wconf 81' lang='lat' dir='ltr'><strong><em>studium</em></strong></span> <span class='ocrx_word' id='word_1_26' title='bbox 400 866 486 939; x_wconf 89' lang='lat' dir='ltr'><strong><em>dedi</em></strong></span> <span class='ocrx_word' id='word_1_27' title='bbox 493 895 508 962; x_wconf 85' lang='lat'><strong><em>,·</em></strong></span> <span class='ocrx_word' id='word_1_28' title='bbox 531 869 711 939; x_wconf 83' lang='lat' dir='ltr'><strong><em>enimuero</em></strong></span> <span class='ocrx_word' id='word_1_29' title='bbox 728 870 818 963; x_wconf 89' lang='lat' dir='ltr'><strong><em>ipse,</em></strong></span> <span class='ocrx_word' id='word_1_30' title='bbox 841 874 884 939; x_wconf 91' lang='lat' dir='ltr'><strong><em>ut</em></strong></span> <span class='ocrx_word' id='word_1_31' title='bbox 898 871 1053 963; x_wconf 82' lang='lat' dir='ltr'><strong><em>memini,</em></strong></span> <span class='ocrx_word' id='word_1_32' title='bbox 1076 870 1220 961; x_wconf 63' lang='lat' dir='ltr'><strong><em>pumirs</em></strong></span> 
     </span>
     <span class='ocr_line' id='line_1_5' title="bbox 120 966 1218 1067; baseline -0.003 -24"><span class='ocrx_word' id='word_1_33' title='bbox 120 978 178 1043; x_wconf 84' lang='lat' dir='ltr'><strong><em>est</em></strong></span> <span class='ocrx_word' id='word_1_34' title='bbox 199 972 259 1041; x_wconf 86' lang='lat' dir='ltr'><strong><em>oui</em></strong></span> <span class='ocrx_word' id='word_1_35' title='bbox 282 968 358 1041; x_wconf 85' lang='lat' dir='ltr'><strong><em>tole</em></strong></span> <span class='ocrx_word' id='word_1_36' title='bbox 380 968 592 1064; x_wconf 73' lang='lat' dir='ltr'><strong><em>obsequium</em></strong></span> <span class='ocrx_word' id='word_1_37' title='bbox 614 966 784 1061; x_wconf 83' lang='lat' dir='ltr'><strong><em>impendi.</em></strong></span> <span class='ocrx_word' id='word_1_38' title='bbox 827 967 894 1043; x_wconf 84' lang='lat' dir='ltr'><strong><em>Cui</em></strong></span> <span class='ocrx_word' id='word_1_39' title='bbox 921 970 1082 1041; x_wconf 89' lang='lat' dir='ltr'><strong><em>domnus</em></strong></span> <span class='ocrx_word' id='word_1_40' title='bbox 1103 992 1218 1067; x_wconf 89' lang='lat' dir='ltr'><strong><em>papa:</em></strong></span> 
     </span>
    </p>
   </div>
   <div class='ocr_carea' id='block_1_3' title="bbox 120 1067 1325 1166">
    <p class='ocr_par' dir='ltr' id='par_1_3' title="bbox 120 1067 1325 1166">
     <span class='ocr_line' id='line_1_6' title="bbox 120 1067 1325 1166; baseline 0.001 -23"><span class='ocrx_word' id='word_1_41' title='bbox 120 1071 164 1143; x_wconf 84' lang='lat' dir='ltr'><strong><em>Si</em></strong></span> <span class='ocrx_word' id='word_1_42' title='bbox 179 1068 281 1166; x_wconf 81' lang='lat' dir='ltr'><strong><em>quod</em></strong></span> <span class='ocrx_word' id='word_1_43' title='bbox 297 1067 516 1155; x_wconf 79' lang='lat' dir='ltr'><strong><em>fucdlimum</em></strong></span> <span class='ocrx_word' id='word_1_44' title='bbox 533 1070 608 1155; x_wconf 79' lang='lat' dir='ltr'><strong><em>fuit</em></strong></span> <span class='ocrx_word' id='word_1_45' title='bbox 617 1074 771 1161; x_wconf 71' lang='lat' dir='ltr'><strong><em>psopter</em></strong></span> <span class='ocrx_word' id='word_1_46' title='bbox 791 1070 1037 1163; x_wconf 81' lang='lat' dir='ltr'><strong><em>ipuorontium</em></strong></span> <span class='ocrx_word' id='word_1_47' title='bbox 1054 1068 1220 1165; x_wconf 79' lang='lat' dir='ltr'><strong><em>uepleuit,</em></strong></span> <span class='ocrx_word' id='word_1_48' title='bbox 1324 1068 1325 1071; x_wconf 51' lang='lat'>&#39;</span> 
     </span>
    </p>
   </div>
   <div class='ocr_carea' id='block_1_4' title="bbox 49 1167 1313 2674">
    <p class='ocr_par' dir='ltr' id='par_1_4' title="bbox 49 1167 1270 2371">
     <span class='ocr_line' id='line_1_7' title="bbox 115 1167 1220 1268; baseline -0.002 -25"><span class='ocrx_word' id='word_1_49' title='bbox 115 1170 277 1268; x_wconf 73' lang='lat' dir='ltr'><strong><em>qualiter</em></strong></span> <span class='ocrx_word' id='word_1_50' title='bbox 289 1172 430 1263; x_wconf 81' lang='lat' dir='ltr'><strong><em>putatis</em></strong></span> <span class='ocrx_word' id='word_1_51' title='bbox 448 1167 810 1262; x_wconf 68' lang='lat' dir='ltr'><strong><em>expedietmouimul</em></strong></span> <span class='ocrx_word' id='word_1_52' title='bbox 844 1170 951 1241; x_wconf 86' lang='lat' dir='ltr'><strong><em>Tunc</em></strong></span> <span class='ocrx_word' id='word_1_53' title='bbox 968 1193 1034 1241; x_wconf 88' lang='lat' dir='ltr'><strong><em>rex</em></strong></span> <span class='ocrx_word' id='word_1_54' title='bbox 1053 1169 1220 1267; x_wconf 89' lang='lat' dir='ltr'><strong><em>aliquan-</em></strong></span> 
     </span>
     <span class='ocr_line' id='line_1_8' title="bbox 118 1268 1220 1370; baseline -0.001 -27"><span class='ocrx_word' id='word_1_55' title='bbox 118 1274 239 1370; x_wconf 89' lang='lat' dir='ltr'><strong><em>tisper</em></strong></span> <span class='ocrx_word' id='word_1_56' title='bbox 261 1282 409 1365; x_wconf 85' lang='lat' dir='ltr'><strong><em>motus,</em></strong></span> <span class='ocrx_word' id='word_1_57' title='bbox 433 1270 501 1341; x_wconf 87' lang='lat' dir='ltr'><strong><em>ait:</em></strong></span> <span class='ocrx_word' id='word_1_58' title='bbox 548 1268 676 1340; x_wconf 85' lang='lat' dir='ltr'><strong><em>Vellem</em></strong></span> <span class='ocrx_word' id='word_1_59' title='bbox 700 1269 830 1341; x_wconf 76' lang='lat' dir='ltr'><strong><em>medus</em></strong></span> <span class='ocrx_word' id='word_1_60' title='bbox 855 1271 998 1365; x_wconf 85' lang='lat' dir='ltr'><strong><em>instrui,</em></strong></span> <span class='ocrx_word' id='word_1_61' title='bbox 1020 1269 1117 1342; x_wconf 81' lang='lat' dir='ltr'><strong><em>unde</em></strong></span> <span class='ocrx_word' id='word_1_62' title='bbox 1140 1293 1220 1342; x_wconf 86' lang='lat' dir='ltr'><strong><em>mos</em></strong></span> 
     </span>
     <span class='ocr_line' id='line_1_9' title="bbox 118 1368 1221 1464; baseline -0.002 -20"><span class='ocrx_word' id='word_1_63' title='bbox 118 1376 187 1444; x_wconf 84' lang='lat' dir='ltr'><strong><em>iste</em></strong></span> <span class='ocrx_word' id='word_1_64' title='bbox 211 1369 408 1464; x_wconf 71' lang='lat' dir='ltr'><strong><em>iacimus,</em></strong></span> <span class='ocrx_word' id='word_1_65' title='bbox 434 1394 478 1441; x_wconf 78' lang='lat' dir='ltr'><strong><em>eu</em></strong></span> <span class='ocrx_word' id='word_1_66' title='bbox 502 1369 758 1464; x_wconf 73' lang='lat' dir='ltr'><strong><em>benevolentia,</em></strong></span> <span class='ocrx_word' id='word_1_67' title='bbox 783 1393 832 1441; x_wconf 85' lang='lat' dir='ltr'><strong><em>uu</em></strong></span> <span class='ocrx_word' id='word_1_68' title='bbox 854 1393 898 1441; x_wconf 79' lang='lat' dir='ltr'><strong><em>ese</em></strong></span> <span class='ocrx_word' id='word_1_69' title='bbox 922 1368 1066 1442; x_wconf 73' lang='lat' dir='ltr'><strong><em>debito?</em></strong></span> <span class='ocrx_word' id='word_1_70' title='bbox 1109 1369 1151 1441; x_wconf 85' lang='lat' dir='ltr'><strong><em>Si</em></strong></span> <span class='ocrx_word' id='word_1_71' title='bbox 1177 1394 1221 1443; x_wconf 81' lang='lat' dir='ltr'><strong><em>ec</em></strong></span> 
     </span>
     <span class='ocr_line' id='line_1_10' title="bbox 120 1469 1220 1565; baseline -0.004 -20"><span class='ocrx_word' id='word_1_72' title='bbox 120 1470 377 1565; x_wconf 85' lang='lat' dir='ltr'><strong><em>beneuolentiu,</em></strong></span> <span class='ocrx_word' id='word_1_73' title='bbox 395 1469 448 1560; x_wconf 82' lang='lat' dir='ltr'><strong><em>nii</em></strong></span> <span class='ocrx_word' id='word_1_74' title='bbox 465 1472 615 1542; x_wconf 79' lang='lat' dir='ltr'><strong><em>causari</em></strong></span> <span class='ocrx_word' id='word_1_75' title='bbox 630 1469 743 1542; x_wconf 86' lang='lat' dir='ltr'><strong><em>babet</em></strong></span> <span class='ocrx_word' id='word_1_76' title='bbox 758 1469 915 1541; x_wconf 88' lang='lat' dir='ltr'><strong><em>domnus</em></strong></span> <span class='ocrx_word' id='word_1_77' title='bbox 925 1493 1042 1565; x_wconf 86' lang='lat' dir='ltr'><strong><em>popo,</em></strong></span> <span class='ocrx_word' id='word_1_78' title='bbox 1060 1473 1094 1541; x_wconf 88' lang='lat' dir='ltr'><strong><em>si</em></strong></span> <span class='ocrx_word' id='word_1_79' title='bbox 1110 1470 1220 1543; x_wconf 82' lang='lat' dir='ltr'><strong><em>occil-</em></strong></span> 
     </span>
     <span class='ocr_line' id='line_1_11' title="bbox 117 1569 1219 1666; baseline -0.002 -21"><span class='ocrx_word' id='word_1_80' title='bbox 117 1574 251 1645; x_wconf 77' lang='lat' dir='ltr'><strong><em>luueiit</em></strong></span> <span class='ocrx_word' id='word_1_81' title='bbox 267 1570 488 1666; x_wconf 77' lang='lat' dir='ltr'><strong><em>obsequium,</em></strong></span> <span class='ocrx_word' id='word_1_82' title='bbox 512 1569 612 1665; x_wconf 84' lang='lat' dir='ltr'><strong><em>quod</em></strong></span> <span class='ocrx_word' id='word_1_83' title='bbox 630 1569 675 1641; x_wconf 91' lang='lat' dir='ltr'><strong><em>de</em></strong></span> <span class='ocrx_word' id='word_1_84' title='bbox 691 1569 861 1665; x_wconf 83' lang='lat' dir='ltr'><strong><em>arbitrio,</em></strong></span> <span class='ocrx_word' id='word_1_85' title='bbox 885 1594 959 1643; x_wconf 85' lang='lat' dir='ltr'><strong><em>nou</em></strong></span> <span class='ocrx_word' id='word_1_86' title='bbox 977 1570 1022 1643; x_wconf 90' lang='lat' dir='ltr'><strong><em>de</em></strong></span> <span class='ocrx_word' id='word_1_87' title='bbox 1039 1574 1118 1643; x_wconf 86' lang='lat' dir='ltr'><strong><em>iure</em></strong></span> <span class='ocrx_word' id='word_1_88' title='bbox 1135 1570 1219 1643; x_wconf 89' lang='lat' dir='ltr'><strong><em>sub·</em></strong></span> 
     </span>
     <span class='ocr_line' id='line_1_12' title="bbox 117 1670 1219 1766; baseline -0.003 -19"><span class='ocrx_word' id='word_1_89' title='bbox 117 1676 232 1747; x_wconf 70' lang='lat' dir='ltr'><strong><em>sistit.v</em></strong></span> <span class='ocrx_word' id='word_1_90' title='bbox 252 1670 358 1761; x_wconf 84' lang='lat' dir='ltr'><strong><em>Quod</em></strong></span> <span class='ocrx_word' id='word_1_91' title='bbox 371 1674 404 1743; x_wconf 90' lang='lat' dir='ltr'><strong><em>si</em></strong></span> <span class='ocrx_word' id='word_1_92' title='bbox 418 1670 548 1765; x_wconf 86' lang='lat' dir='ltr'><strong><em>dicitis,</em></strong></span> <span class='ocrx_word' id='word_1_93' title='bbox 563 1674 650 1766; x_wconf 84' lang='lat' dir='ltr'><strong><em>quic</em></strong></span> <span class='ocrx_word' id='word_1_94' title='bbox 664 1694 708 1742; x_wconf 79' lang='lat' dir='ltr'><strong><em>ec</em></strong></span> <span class='ocrx_word' id='word_1_95' title='bbox 722 1670 841 1743; x_wconf 88' lang='lat' dir='ltr'><strong><em>debito</em></strong></span> <span class='ocrx_word' id='word_1_96' title='bbox 850 1674 969 1763; x_wconf 85' lang='lat' dir='ltr'><strong><em>prime</em></strong></span> <span class='ocrx_word' id='word_1_97' title='bbox 983 1673 1219 1747; x_wconf 78' lang='lat' dir='ltr'><strong><em>iustitutionis</em></strong></span> 
     </span>
     <span class='ocr_line' id='line_1_13' title="bbox 117 1770 1219 1867; baseline -0.002 -21"><span class='ocrx_word' id='word_1_98' title='bbox 117 1774 183 1846; x_wconf 82' lang='lat' dir='ltr'><strong><em>bec</em></strong></span> <span class='ocrx_word' id='word_1_99' title='bbox 192 1774 392 1845; x_wconf 84' lang='lat' dir='ltr'><strong><em>reuerentia</em></strong></span> <span class='ocrx_word' id='word_1_100' title='bbox 406 1770 553 1843; x_wconf 87' lang='lat' dir='ltr'><strong><em>debetur</em></strong></span> <span class='ocrx_word' id='word_1_101' title='bbox 559 1772 719 1864; x_wconf 79' lang='lat' dir='ltr'><strong><em>principi</em></strong></span> <span class='ocrx_word' id='word_1_102' title='bbox 732 1770 999 1866; x_wconf 81' lang='lat' dir='ltr'><strong><em>apostolorum,</em></strong></span> <span class='ocrx_word' id='word_1_103' title='bbox 1014 1771 1102 1867; x_wconf 82' lang='lat' dir='ltr'><strong><em>quid</em></strong></span> <span class='ocrx_word' id='word_1_104' title='bbox 1112 1775 1219 1844; x_wconf 87' lang='lat' dir='ltr'><strong><em>iuter·</em></strong></span> 
     </span>
     <span class='ocr_line' id='line_1_14' title="bbox 119 1871 1219 1967; baseline -0.003 -21"><span class='ocrx_word' id='word_1_105' title='bbox 119 1881 177 1946; x_wconf 86' lang='lat' dir='ltr'><strong><em>est</em></strong></span> <span class='ocrx_word' id='word_1_106' title='bbox 186 1875 279 1945; x_wconf 87' lang='lat' dir='ltr'><strong><em>iuter</em></strong></span> <span class='ocrx_word' id='word_1_107' title='bbox 291 1872 479 1945; x_wconf 70' lang='lat' dir='ltr'><strong><em>desimam</em></strong></span> <span class='ocrx_word' id='word_1_108' title='bbox 490 1878 698 1965; x_wconf 83' lang='lat' dir='ltr'><strong><em>strepomet</em></strong></span> <span class='ocrx_word' id='word_1_109' title='bbox 710 1873 910 1967; x_wconf 85' lang='lat' dir='ltr'><strong><em>sinistrum,</em></strong></span> <span class='ocrx_word' id='word_1_110' title='bbox 922 1871 1010 1943; x_wconf 87' lang='lat' dir='ltr'><strong><em>dum</em></strong></span> <span class='ocrx_word' id='word_1_111' title='bbox 1024 1871 1135 1944; x_wconf 88' lang='lat' dir='ltr'><strong><em>modo</em></strong></span> <span class='ocrx_word' id='word_1_112' title='bbox 1145 1896 1219 1943; x_wconf 84' lang='lat' dir='ltr'><strong><em>ser·</em></strong></span> 
     </span>
     <span class='ocr_line' id='line_1_15' title="bbox 119 1971 1220 2068; baseline -0.004 -21"><span class='ocrx_word' id='word_1_113' title='bbox 119 1980 224 2047; x_wconf 80' lang='lat' dir='ltr'><strong><em>uetru</em></strong></span> <span class='ocrx_word' id='word_1_114' title='bbox 238 1972 442 2068; x_wconf 77' lang='lat' dir='ltr'><strong><em>lnemilitos,</em></strong></span> <span class='ocrx_word' id='word_1_115' title='bbox 457 1978 493 2043; x_wconf 89' lang='lat' dir='ltr'><strong><em>et</em></strong></span> <span class='ocrx_word' id='word_1_116' title='bbox 512 1978 682 2043; x_wconf 87' lang='lat' dir='ltr'><strong><em>curvetur</em></strong></span> <span class='ocrx_word' id='word_1_117' title='bbox 697 1974 869 2065; x_wconf 84' lang='lat' dir='ltr'><strong><em>princeps</em></strong></span> <span class='ocrx_word' id='word_1_118' title='bbox 889 1971 940 2043; x_wconf 88' lang='lat' dir='ltr'><strong><em>od</em></strong></span> <span class='ocrx_word' id='word_1_119' title='bbox 953 1971 1067 2064; x_wconf 85' lang='lat' dir='ltr'><strong><em>pedes</em></strong></span> <span class='ocrx_word' id='word_1_120' title='bbox 1088 1975 1220 2044; x_wconf 82' lang='lat' dir='ltr'><strong><em>summi</em></strong></span> 
     </span>
     <span class='ocr_line' id='line_1_16' title="bbox 49 2072 1218 2170; baseline 0 -24"><span class='ocrx_word' id='word_1_121' title='bbox 49 2167 53 2170; x_wconf 27' lang='grc'>-</span> <span class='ocrx_word' id='word_1_122' title='bbox 116 2072 320 2168; x_wconf 69' lang='lat' dir='ltr'><strong><em>pontificis?</em></strong></span> <span class='ocrx_word' id='word_1_123' title='bbox 350 2072 420 2145; x_wconf 89' lang='lat' dir='ltr'><strong><em>Diu</em></strong></span> <span class='ocrx_word' id='word_1_124' title='bbox 435 2072 560 2169; x_wconf 89' lang='lat' dir='ltr'><strong><em>itaque</em></strong></span> <span class='ocrx_word' id='word_1_125' title='bbox 577 2072 788 2169; x_wconf 82' lang='lat' dir='ltr'><strong><em>acriterque</em></strong></span> <span class='ocrx_word' id='word_1_126' title='bbox 804 2073 1034 2170; x_wconf 88' lang='lat' dir='ltr'><strong><em>disputatum</em></strong></span> <span class='ocrx_word' id='word_1_127' title='bbox 1054 2085 1122 2147; x_wconf 88' lang='lat' dir='ltr'><strong><em>est.</em></strong></span> <span class='ocrx_word' id='word_1_128' title='bbox 1152 2074 1218 2146; x_wconf 92' lang='lat' dir='ltr'><strong><em>Po·</em></strong></span> 
     </span>
     <span class='ocr_line' id='line_1_17' title="bbox 120 2172 1218 2272; baseline -0.003 -24"><span class='ocrx_word' id='word_1_129' title='bbox 120 2186 264 2248; x_wconf 80' lang='lat' dir='ltr'><strong><em>strumo</em></strong></span> <span class='ocrx_word' id='word_1_130' title='bbox 288 2173 548 2246; x_wconf 88' lang='lat' dir='ltr'><strong><em>discesserunt</em></strong></span> <span class='ocrx_word' id='word_1_131' title='bbox 577 2177 623 2246; x_wconf 88' lang='lat' dir='ltr'><strong><em>ab</em></strong></span> <span class='ocrx_word' id='word_1_132' title='bbox 649 2172 814 2245; x_wconf 89' lang='lat' dir='ltr'><strong><em>invicem</em></strong></span> <span class='ocrx_word' id='word_1_133' title='bbox 841 2173 923 2245; x_wconf 89' lang='lat' dir='ltr'><strong><em>sine</em></strong></span> <span class='ocrx_word' id='word_1_134' title='bbox 947 2174 1076 2247; x_wconf 87' lang='lat' dir='ltr'><strong><em>osculo</em></strong></span> <span class='ocrx_word' id='word_1_135' title='bbox 1102 2175 1218 2272; x_wconf 84' lang='lat' dir='ltr'><strong><em>pacis.</em></strong></span> 
     </span>
     <span class='ocr_line' id='line_1_18' title="bbox 117 2272 1270 2371; baseline -0.001 -23"><span class='ocrx_word' id='word_1_136' title='bbox 117 2276 313 2348; x_wconf 76' lang='lat' dir='ltr'><strong><em>Timentes</em></strong></span> <span class='ocrx_word' id='word_1_137' title='bbox 327 2273 442 2371; x_wconf 79' lang='lat' dir='ltr'><strong><em>igitur</em></strong></span> <span class='ocrx_word' id='word_1_138' title='bbox 454 2272 506 2345; x_wconf 84' lang='lat' dir='ltr'><strong><em>hii</em></strong></span> <span class='ocrx_word' id='word_1_139' title='bbox 520 2273 583 2371; x_wconf 89' lang='lat' dir='ltr'><strong><em>qui</em></strong></span> <span class='ocrx_word' id='word_1_140' title='bbox 597 2274 797 2371; x_wconf 87' lang='lat' dir='ltr'><strong><em>columpne</em></strong></span> <span class='ocrx_word' id='word_1_141' title='bbox 812 2274 919 2371; x_wconf 82' lang='lat' dir='ltr'><strong><em>regni</em></strong></span> <span class='ocrx_word' id='word_1_142' title='bbox 935 2298 1022 2347; x_wconf 88' lang='lat' dir='ltr'><strong><em>esse</em></strong></span> <span class='ocrx_word' id='word_1_143' title='bbox 1046 2274 1219 2348; x_wconf 90' lang='lat' dir='ltr'><strong><em>videban-</em></strong></span> <span class='ocrx_word' id='word_1_144' title='bbox 1266 2276 1270 2283; x_wconf 80' lang='grc'><strong>’</strong></span> 
     </span>
    </p>

    <p class='ocr_par' dir='ltr' id='par_1_5' title="bbox 117 2373 1313 2674">
     <span class='ocr_line' id='line_1_19' title="bbox 117 2373 1313 2473; baseline -0.002 -24"><span class='ocrx_word' id='word_1_145' title='bbox 117 2387 191 2473; x_wconf 87' lang='lat' dir='ltr'><strong><em>tur,</em></strong></span> <span class='ocrx_word' id='word_1_146' title='bbox 215 2398 264 2447; x_wconf 89' lang='lat' dir='ltr'><strong><em>ne</em></strong></span> <span class='ocrx_word' id='word_1_147' title='bbox 278 2376 375 2446; x_wconf 86' lang='lat' dir='ltr'><strong><em>forte</em></strong></span> <span class='ocrx_word' id='word_1_148' title='bbox 389 2378 502 2447; x_wconf 87' lang='lat' dir='ltr'><strong><em>rebus</em></strong></span> <span class='ocrx_word' id='word_1_149' title='bbox 521 2373 654 2446; x_wconf 82' lang='lat' dir='ltr'><strong><em>inustis</em></strong></span> <span class='ocrx_word' id='word_1_150' title='bbox 673 2374 813 2447; x_wconf 86' lang='lat' dir='ltr'><strong><em>frustra</em></strong></span> <span class='ocrx_word' id='word_1_151' title='bbox 831 2374 1082 2472; x_wconf 66' lang='lat' dir='ltr'><strong><em>laborassent,</em></strong></span> <span class='ocrx_word' id='word_1_152' title='bbox 1103 2376 1217 2447; x_wconf 88' lang='lat' dir='ltr'><strong><em>multa</em></strong></span> <span class='ocrx_word' id='word_1_153' title='bbox 1310 2459 1313 2462; x_wconf 42' lang='grc'><strong>,</strong></span> 
     </span>
     <span class='ocr_line' id='line_1_20' title="bbox 118 2475 1218 2576; baseline -0.002 -26"><span class='ocrx_word' id='word_1_154' title='bbox 118 2476 369 2576; x_wconf 87' lang='lat' dir='ltr'><strong><em>persuasione</em></strong></span> <span class='ocrx_word' id='word_1_155' title='bbox 387 2475 581 2557; x_wconf 88' lang='lat' dir='ltr'><strong><em>evicerunt</em></strong></span> <span class='ocrx_word' id='word_1_156' title='bbox 599 2499 664 2547; x_wconf 89' lang='lat' dir='ltr'><strong><em>cor</em></strong></span> <span class='ocrx_word' id='word_1_157' title='bbox 680 2475 797 2573; x_wconf 80' lang='lat' dir='ltr'><strong><em>regis,</em></strong></span> <span class='ocrx_word' id='word_1_158' title='bbox 821 2486 870 2547; x_wconf 88' lang='lat' dir='ltr'><strong><em>ut·</em></strong></span> <span class='ocrx_word' id='word_1_159' title='bbox 882 2478 1061 2549; x_wconf 89' lang='lat' dir='ltr'><strong><em>domnum</em></strong></span> <span class='ocrx_word' id='word_1_160' title='bbox 1080 2501 1218 2574; x_wconf 88' lang='lat' dir='ltr'><strong><em>papam</em></strong></span> 
     </span>
     <span class='ocr_line' id='line_1_21' title="bbox 117 2575 1218 2674; baseline 0 -26"><span class='ocrx_word' id='word_1_161' title='bbox 117 2586 317 2650; x_wconf 88' lang='lat' dir='ltr'><strong><em>revocaret</em></strong></span> <span class='ocrx_word' id='word_1_162' title='bbox 330 2575 378 2646; x_wconf 93' lang='lat' dir='ltr'><strong><em>in</em></strong></span> <span class='ocrx_word' id='word_1_163' title='bbox 406 2586 539 2649; x_wconf 89' lang='lat' dir='ltr'><strong><em>castra.</em></strong></span> <span class='ocrx_word' id='word_1_164' title='bbox 584 2576 707 2664; x_wconf 86' lang='lat' dir='ltr'><strong><em>Quem</em></strong></span> <span class='ocrx_word' id='word_1_165' title='bbox 725 2577 949 2650; x_wconf 81' lang='lat' dir='ltr'><strong><em>redeuntem</em></strong></span> <span class='ocrx_word' id='word_1_166' title='bbox 967 2579 1135 2674; x_wconf 85' lang='lat' dir='ltr'><strong><em>suscepit</em></strong></span> <span class='ocrx_word' id='word_1_167' title='bbox 1152 2601 1218 2650; x_wconf 86' lang='lat' dir='ltr'><strong><em>rex</em></strong></span> 
     </span>
    </p>
   </div>
   <div class='ocr_carea' id='block_1_5' title="bbox 119 2675 1338 2774">
    <p class='ocr_par' dir='ltr' id='par_1_6' title="bbox 119 2675 1338 2774">
     <span class='ocr_line' id='line_1_22' title="bbox 119 2675 1338 2774; baseline 0 -24"><span class='ocrx_word' id='word_1_168' title='bbox 119 2679 308 2774; x_wconf 83' lang='lat' dir='ltr'><strong><em>integrato</em></strong></span> <span class='ocrx_word' id='word_1_169' title='bbox 327 2675 462 2748; x_wconf 88' lang='lat' dir='ltr'><strong><em>officio.</em></strong></span> <span class='ocrx_word' id='word_1_170' title='bbox 489 2676 673 2750; x_wconf 88' lang='lat' dir='ltr'><strong><em>Omnibus</em></strong></span> <span class='ocrx_word' id='word_1_171' title='bbox 691 2688 819 2761; x_wconf 88' lang='lat' dir='ltr'><strong><em>autem</em></strong></span> <span class='ocrx_word' id='word_1_172' title='bbox 840 2677 1055 2750; x_wconf 79' lang='lat' dir='ltr'><strong><em>exhilaratis</em></strong></span> <span class='ocrx_word' id='word_1_173' title='bbox 1076 2687 1113 2750; x_wconf 91' lang='lat' dir='ltr'><strong><em>et</em></strong></span> <span class='ocrx_word' id='word_1_174' title='bbox 1132 2701 1218 2750; x_wconf 89' lang='lat' dir='ltr'><strong><em>con·</em></strong></span> <span class='ocrx_word' id='word_1_175' title='bbox 1336 2677 1338 2680; x_wconf 70' lang='grc'>’</span> 
     </span>
    </p>
   </div>
   <div class='ocr_carea' id='block_1_6' title="bbox 118 2776 1218 2876">
    <p class='ocr_par' dir='ltr' id='par_1_7' title="bbox 118 2776 1218 2876">
     <span class='ocr_line' id='line_1_23' title="bbox 118 2776 1218 2876; baseline 0 -25"><span class='ocrx_word' id='word_1_176' title='bbox 118 2776 287 2864; x_wconf 83' lang='lat' dir='ltr'><strong><em>ventiuni</em></strong></span> <span class='ocrx_word' id='word_1_177' title='bbox 311 2776 622 2873; x_wconf 76' lang='lat' dir='ltr'><strong><em>adgaudentibuS,</em></strong></span> <span class='ocrx_word' id='word_1_178' title='bbox 647 2777 737 2850; x_wconf 85' lang='lat' dir='ltr'><strong><em>dixit</em></strong></span> <span class='ocrx_word' id='word_1_179' title='bbox 756 2781 915 2851; x_wconf 88' lang='lat' dir='ltr'><strong><em>domnus</em></strong></span> <span class='ocrx_word' id='word_1_180' title='bbox 934 2802 1049 2876; x_wconf 87' lang='lat' dir='ltr'><strong><em>papa:</em></strong></span> <span class='ocrx_word' id='word_1_181' title='bbox 1092 2776 1218 2851; x_wconf 80' lang='lat' dir='ltr'><strong><em>Adbuc</em></strong></span> 
     </span>
    </p>
   </div>
   <div class='ocr_carea' id='block_1_7' title="bbox 5 2875 1220 3074">
    <p class='ocr_par' dir='ltr' id='par_1_8' title="bbox 5 2875 1220 3074">
     <span class='ocr_line' id='line_1_24' title="bbox 5 2875 1220 2974; baseline -0.002 -22"><span class='ocrx_word' id='word_1_182' title='bbox 5 2912 6 2915; x_wconf 41' lang='lat'>¹</span> <span class='ocrx_word' id='word_1_183' title='bbox 117 2884 291 2973; x_wconf 83' lang='lat' dir='ltr'><strong><em>superest,</em></strong></span> <span class='ocrx_word' id='word_1_184' title='bbox 310 2875 411 2974; x_wconf 84' lang='lat' dir='ltr'><strong><em>quod</em></strong></span> <span class='ocrx_word' id='word_1_185' title='bbox 424 2881 550 2964; x_wconf 73' lang='lat' dir='ltr'><strong><em>saeue</em></strong></span> <span class='ocrx_word' id='word_1_186' title='bbox 561 2875 692 2949; x_wconf 86' lang='lat' dir='ltr'><strong><em>debeat</em></strong></span> <span class='ocrx_word' id='word_1_187' title='bbox 696 2880 869 2970; x_wconf 85' lang='lat' dir='ltr'><strong><em>princeps</em></strong></span> <span class='ocrx_word' id='word_1_188' title='bbox 887 2884 1010 2950; x_wconf 87' lang='lat' dir='ltr'><strong><em>vester.</em></strong></span> <span class='ocrx_word' id='word_1_189' title='bbox 1043 2878 1220 2974; x_wconf 81' lang='lat' dir='ltr'><strong><em>Requirut</em></strong></span> 
     </span>
     <span class='ocr_line' id='line_1_25' title="bbox 5 2975 1218 3074; baseline 0 -24"><span class='ocrx_word' id='word_1_190' title='bbox 5 3008 6 3011; x_wconf 42' lang='lat'>¹</span> <span class='ocrx_word' id='word_1_191' title='bbox 120 2979 225 3052; x_wconf 86' lang='lat' dir='ltr'><strong><em>beato</em></strong></span> <span class='ocrx_word' id='word_1_192' title='bbox 246 2979 351 3050; x_wconf 85' lang='lat' dir='ltr'><strong><em>Petro</em></strong></span> <span class='ocrx_word' id='word_1_193' title='bbox 372 2975 556 3072; x_wconf 80' lang='lat' dir='ltr'><strong><em>Apuliam,</em></strong></span> <span class='ocrx_word' id='word_1_194' title='bbox 570 3000 694 3074; x_wconf 71' lang='lat' dir='ltr'><strong><em>⁴quoue</em></strong></span> <span class='ocrx_word' id='word_1_195' title='bbox 717 2976 956 3050; x_wconf 86' lang='lat' dir='ltr'><strong><em>Willebelmus</em></strong></span> <span class='ocrx_word' id='word_1_196' title='bbox 981 2977 1128 3050; x_wconf 86' lang='lat' dir='ltr'><strong><em>Siculus</em></strong></span> <span class='ocrx_word' id='word_1_197' title='bbox 1149 3001 1218 3072; x_wconf 85' lang='lat' dir='ltr'><strong><em>per</em></strong></span> 
     </span>
    </p>
   </div>
   <div class='ocr_carea' id='block_1_8' title="bbox 110 3077 1220 4181">
    <p class='ocr_par' dir='ltr' id='par_1_9' title="bbox 110 3077 1220 4181">
     <span class='ocr_line' id='line_1_26' title="bbox 117 3077 1216 3172; baseline -0.003 -20"><span class='ocrx_word' id='word_1_198' title='bbox 117 3083 189 3152; x_wconf 83' lang='lat' dir='ltr'><strong><em>vim</em></strong></span> <span class='ocrx_word' id='word_1_199' title='bbox 211 3077 387 3172; x_wconf 82' lang='lat' dir='ltr'><strong><em>possidet.</em></strong></span> <span class='ocrx_word' id='word_1_200' title='bbox 431 3078 510 3166; x_wconf 72' lang='lat' dir='ltr'><strong><em>(luo</em></strong></span> <span class='ocrx_word' id='word_1_201' title='bbox 533 3081 636 3164; x_wconf 78' lang='lat' dir='ltr'><strong><em>facto</em></strong></span> <span class='ocrx_word' id='word_1_202' title='bbox 658 3080 783 3149; x_wconf 82' lang='lat' dir='ltr'><strong><em>ueniat</em></strong></span> <span class='ocrx_word' id='word_1_203' title='bbox 804 3077 856 3150; x_wconf 87' lang='lat' dir='ltr'><strong><em>ud</em></strong></span> <span class='ocrx_word' id='word_1_204' title='bbox 882 3102 950 3150; x_wconf 87' lang='lat' dir='ltr'><strong><em>nos</em></strong></span> <span class='ocrx_word' id='word_1_205' title='bbox 968 3078 1216 3151; x_wconf 81' lang='lat' dir='ltr'><strong><em>coronandus.</em></strong></span> 
     </span>
     <span class='ocr_line' id='line_1_27' title="bbox 118 3177 1217 3277; baseline -0.001 -25"><span class='ocrx_word' id='word_1_206' title='bbox 118 3181 413 3277; x_wconf 79' lang='lat' dir='ltr'><strong><em>Responderunt</em></strong></span> <span class='ocrx_word' id='word_1_207' title='bbox 438 3178 648 3275; x_wconf 71' lang='lat' dir='ltr'><strong><em>principeS,</em></strong></span> <span class='ocrx_word' id='word_1_208' title='bbox 673 3178 859 3250; x_wconf 88' lang='lat' dir='ltr'><strong><em>dicentes:</em></strong></span> <span class='ocrx_word' id='word_1_209' title='bbox 903 3177 975 3250; x_wconf 85' lang='lat' dir='ltr'><strong><em>Diu</em></strong></span> <span class='ocrx_word' id='word_1_210' title='bbox 1003 3186 1057 3251; x_wconf 90' lang='lat' dir='ltr'><strong><em>est</em></strong></span> <span class='ocrx_word' id='word_1_211' title='bbox 1078 3203 1121 3251; x_wconf 80' lang='lat' dir='ltr'><strong><em>eu</em></strong></span> <span class='ocrx_word' id='word_1_212' title='bbox 1145 3203 1217 3275; x_wconf 84' lang='lat' dir='ltr'><strong><em>quo</em></strong></span> 
     </span>
     <span class='ocr_line' id='line_1_28' title="bbox 114 3277 1218 3375; baseline 0.002 -25"><span class='ocrx_word' id='word_1_213' title='bbox 114 3282 258 3368; x_wconf 65' lang='lat' dir='ltr'><strong><em>finimus</em></strong></span> <span class='ocrx_word' id='word_1_214' title='bbox 275 3281 472 3374; x_wconf 75' lang='lat' dir='ltr'><strong><em>incastris,</em></strong></span> <span class='ocrx_word' id='word_1_215' title='bbox 491 3285 526 3350; x_wconf 91' lang='lat' dir='ltr'><strong><em>et</em></strong></span> <span class='ocrx_word' id='word_1_216' title='bbox 537 3277 669 3350; x_wconf 78' lang='lat' dir='ltr'><strong><em>desunt</em></strong></span> <span class='ocrx_word' id='word_1_217' title='bbox 682 3279 788 3351; x_wconf 85' lang='lat' dir='ltr'><strong><em>nobis</em></strong></span> <span class='ocrx_word' id='word_1_218' title='bbox 801 3278 994 3375; x_wconf 86' lang='lat' dir='ltr'><strong><em>stipendio,</em></strong></span> <span class='ocrx_word' id='word_1_219' title='bbox 1014 3287 1050 3352; x_wconf 89' lang='lat' dir='ltr'><strong><em>et</em></strong></span> <span class='ocrx_word' id='word_1_220' title='bbox 1061 3286 1099 3350; x_wconf 90' lang='lat' dir='ltr'><strong><em>tu</em></strong></span> <span class='ocrx_word' id='word_1_221' title='bbox 1114 3278 1218 3374; x_wconf 87' lang='lat' dir='ltr'><strong><em>dicis,</em></strong></span> 
     </span>
     <span class='ocr_line' id='line_1_29' title="bbox 116 3378 1219 3474; baseline 0 -22"><span class='ocrx_word' id='word_1_222' title='bbox 116 3379 186 3452; x_wconf 86' lang='lat' dir='ltr'><strong><em>tibi</em></strong></span> <span class='ocrx_word' id='word_1_223' title='bbox 200 3379 373 3472; x_wconf 81' lang='lat' dir='ltr'><strong><em>Apuliam</em></strong></span> <span class='ocrx_word' id='word_1_224' title='bbox 389 3381 535 3474; x_wconf 83' lang='lat' dir='ltr'><strong><em>requiri,</em></strong></span> <span class='ocrx_word' id='word_1_225' title='bbox 555 3381 657 3451; x_wconf 86' lang='lat' dir='ltr'><strong><em>etsie</em></strong></span> <span class='ocrx_word' id='word_1_226' title='bbox 675 3378 820 3450; x_wconf 85' lang='lat' dir='ltr'><strong><em>demum</em></strong></span> <span class='ocrx_word' id='word_1_227' title='bbox 839 3379 890 3452; x_wconf 88' lang='lat' dir='ltr'><strong><em>ud</em></strong></span> <span class='ocrx_word' id='word_1_228' title='bbox 909 3383 1219 3452; x_wconf 85' lang='lat' dir='ltr'><strong><em>consecrationem</em></strong></span> 
     </span>
     <span class='ocr_line' id='line_1_30' title="bbox 116 3479 1218 3574; baseline -0.001 -21"><span class='ocrx_word' id='word_1_229' title='bbox 116 3481 254 3553; x_wconf 75' lang='lat' dir='ltr'><strong><em>ueniri?</em></strong></span> <span class='ocrx_word' id='word_1_230' title='bbox 295 3479 401 3551; x_wconf 87' lang='lat' dir='ltr'><strong><em>Duru</em></strong></span> <span class='ocrx_word' id='word_1_231' title='bbox 427 3487 515 3552; x_wconf 84' lang='lat' dir='ltr'><strong><em>suut</em></strong></span> <span class='ocrx_word' id='word_1_232' title='bbox 528 3479 593 3551; x_wconf 85' lang='lat' dir='ltr'><strong><em>bec</em></strong></span> <span class='ocrx_word' id='word_1_233' title='bbox 610 3486 646 3551; x_wconf 90' lang='lat' dir='ltr'><strong><em>et</em></strong></span> <span class='ocrx_word' id='word_1_234' title='bbox 665 3503 782 3574; x_wconf 85' lang='lat' dir='ltr'><strong><em>supra</em></strong></span> <span class='ocrx_word' id='word_1_235' title='bbox 804 3483 898 3552; x_wconf 85' lang='lat' dir='ltr'><strong><em>uires</em></strong></span> <span class='ocrx_word' id='word_1_236' title='bbox 923 3486 1080 3552; x_wconf 86' lang='lat' dir='ltr'><strong><em>nostros.</em></strong></span> <span class='ocrx_word' id='word_1_237' title='bbox 1126 3480 1218 3569; x_wconf 81' lang='lat' dir='ltr'><strong><em>Quin</em></strong></span> 
     </span>
     <span class='ocr_line' id='line_1_31' title="bbox 110 3579 1218 3675; baseline -0.001 -22"><span class='ocrx_word' id='word_1_238' title='bbox 110 3583 239 3675; x_wconf 84' lang='lat' dir='ltr'><strong><em>potius</em></strong></span> <span class='ocrx_word' id='word_1_239' title='bbox 257 3579 452 3674; x_wconf 83' lang='lat' dir='ltr'><strong><em>impleatur</em></strong></span> <span class='ocrx_word' id='word_1_240' title='bbox 474 3603 566 3671; x_wconf 89' lang='lat' dir='ltr'><strong><em>opus</em></strong></span> <span class='ocrx_word' id='word_1_241' title='bbox 584 3582 880 3675; x_wconf 84' lang='lat' dir='ltr'><strong><em>consecrationis,</em></strong></span> <span class='ocrx_word' id='word_1_242' title='bbox 912 3587 955 3652; x_wconf 91' lang='lat' dir='ltr'><strong><em>ut</em></strong></span> <span class='ocrx_word' id='word_1_243' title='bbox 965 3587 1097 3673; x_wconf 84' lang='lat' dir='ltr'><strong><em>putent</em></strong></span> <span class='ocrx_word' id='word_1_244' title='bbox 1113 3580 1218 3652; x_wconf 84' lang='lat' dir='ltr'><strong><em>uubis</em></strong></span> 
     </span>
     <span class='ocr_line' id='line_1_32' title="bbox 115 3679 1218 3776; baseline -0.001 -23"><span class='ocrx_word' id='word_1_245' title='bbox 115 3679 259 3753; x_wconf 84' lang='lat' dir='ltr'><strong><em>reditus</em></strong></span> <span class='ocrx_word' id='word_1_246' title='bbox 288 3683 430 3774; x_wconf 81' lang='lat' dir='ltr'><strong><em>patrie,</em></strong></span> <span class='ocrx_word' id='word_1_247' title='bbox 453 3683 742 3776; x_wconf 78' lang='lat' dir='ltr'><strong><em>respiremusque</em></strong></span> <span class='ocrx_word' id='word_1_248' title='bbox 765 3680 962 3774; x_wconf 84' lang='lat' dir='ltr'><strong><em>paululum</em></strong></span> <span class='ocrx_word' id='word_1_249' title='bbox 993 3679 1040 3752; x_wconf 91' lang='lat' dir='ltr'><strong><em>de</em></strong></span> <span class='ocrx_word' id='word_1_250' title='bbox 1067 3679 1218 3773; x_wconf 75' lang='lat' dir='ltr'><strong><em>latore,-</em></strong></span> 
     </span>
     <span class='ocr_line' id='line_1_33' title="bbox 110 3779 1220 3876; baseline -0.002 -22"><span class='ocrx_word' id='word_1_251' title='bbox 110 3780 354 3876; x_wconf 86' lang='lat' dir='ltr'><strong><em>postmodum</em></strong></span> <span class='ocrx_word' id='word_1_252' title='bbox 374 3783 493 3876; x_wconf 73' lang='lat' dir='ltr'><strong><em>uio-pis</em></strong></span> <span class='ocrx_word' id='word_1_253' title='bbox 512 3780 668 3873; x_wconf 73' lang='lat' dir='ltr'><strong><em>expediti</em></strong></span> <span class='ocrx_word' id='word_1_254' title='bbox 688 3780 906 3875; x_wconf 82' lang='lat' dir='ltr'><strong><em>redibimus,</em></strong></span> <span class='ocrx_word' id='word_1_255' title='bbox 925 3779 1102 3874; x_wconf 70' lang='lat' dir='ltr'><strong><em>expleturi</em></strong></span> <span class='ocrx_word' id='word_1_256' title='bbox 1120 3780 1220 3875; x_wconf 82' lang='lat' dir='ltr'><strong><em>quod</em></strong></span> 
     </span>
     <span class='ocr_line' id='line_1_34' title="bbox 114 3881 1217 3978; baseline 0 -24"><span class='ocrx_word' id='word_1_257' title='bbox 114 3904 215 3954; x_wconf 85' lang='lat' dir='ltr'><strong><em>uunc</em></strong></span> <span class='ocrx_word' id='word_1_258' title='bbox 240 3881 453 3968; x_wconf 77' lang='lat' dir='ltr'><strong><em>faciendum</em></strong></span> <span class='ocrx_word' id='word_1_259' title='bbox 475 3888 600 3955; x_wconf 83' lang='lat' dir='ltr'><strong><em>restat.</em></strong></span> <span class='ocrx_word' id='word_1_260' title='bbox 644 3883 862 3954; x_wconf 85' lang='lat' dir='ltr'><strong><em>Moderante</em></strong></span> <span class='ocrx_word' id='word_1_261' title='bbox 885 3881 998 3978; x_wconf 82' lang='lat' dir='ltr'><strong><em>igitur</em></strong></span> <span class='ocrx_word' id='word_1_262' title='bbox 1022 3881 1122 3978; x_wconf 81' lang='lat' dir='ltr'><strong><em>Deo,</em></strong></span> <span class='ocrx_word' id='word_1_263' title='bbox 1148 3885 1217 3954; x_wconf 90' lang='lat' dir='ltr'><strong><em>sub</em></strong></span> 
     </span>
     <span class='ocr_line' id='line_1_35' title="bbox 117 3981 1217 4081; baseline 0.001 -28"><span class='ocrx_word' id='word_1_264' title='bbox 117 4007 194 4079; x_wconf 91' lang='lat' dir='ltr'><strong><em>quo</em></strong></span> <span class='ocrx_word' id='word_1_265' title='bbox 212 3993 415 4054; x_wconf 87' lang='lat' dir='ltr'><strong><em>curvantur</em></strong></span> <span class='ocrx_word' id='word_1_266' title='bbox 431 3982 493 4080; x_wconf 91' lang='lat' dir='ltr'><strong><em>qui</em></strong></span> <span class='ocrx_word' id='word_1_267' title='bbox 512 3993 662 4081; x_wconf 89' lang='lat' dir='ltr'><strong><em>portant</em></strong></span> <span class='ocrx_word' id='word_1_268' title='bbox 680 3986 822 4078; x_wconf 86' lang='lat' dir='ltr'><strong><em>orbem,</em></strong></span> <span class='ocrx_word' id='word_1_269' title='bbox 844 3981 960 4054; x_wconf 88' lang='lat' dir='ltr'><strong><em>cessit</em></strong></span> <span class='ocrx_word' id='word_1_270' title='bbox 973 3981 1217 4079; x_wconf 86' lang='lat' dir='ltr'><strong><em>apostolicus,</em></strong></span> 
     </span>
     <span class='ocr_line' id='line_1_36' title="bbox 115 4081 1218 4181; baseline -0.001 -26"><span class='ocrx_word' id='word_1_271' title='bbox 115 4093 158 4155; x_wconf 87' lang='lat' dir='ltr'><strong><em>et</em></strong></span> <span class='ocrx_word' id='word_1_272' title='bbox 189 4106 373 4156; x_wconf 85' lang='lat' dir='ltr'><strong><em>assensus</em></strong></span> <span class='ocrx_word' id='word_1_273' title='bbox 407 4094 467 4156; x_wconf 90' lang='lat' dir='ltr'><strong><em>est</em></strong></span> <span class='ocrx_word' id='word_1_274' title='bbox 496 4083 740 4179; x_wconf 83' lang='lat' dir='ltr'><strong><em>postulationi</em></strong></span> <span class='ocrx_word' id='word_1_275' title='bbox 766 4081 989 4181; x_wconf 88' lang='lat' dir='ltr'><strong><em>principum.</em></strong></span> <span class='ocrx_word' id='word_1_276' title='bbox 1030 4082 1218 4180; x_wconf 84' lang='lat' dir='ltr'><strong><em>Factaque</em></strong></span> 
     </span>
    </p>
   </div>
   <div class='ocr_carea' id='block_1_9' title="bbox 5 4181 1218 4356">
    <p class='ocr_par' dir='ltr' id='par_1_10' title="bbox 5 4181 1218 4356">
     <span class='ocr_line' id='line_1_37' title="bbox 5 4181 1218 4281; baseline 0.002 -27"><span class='ocrx_word' id='word_1_277' title='bbox 5 4232 6 4281; x_wconf 63' lang='lat' dir='ltr'>ss</span> <span class='ocrx_word' id='word_1_278' title='bbox 117 4182 320 4256; x_wconf 84' lang='lat' dir='ltr'><strong><em>concordia</em></strong></span> <span class='ocrx_word' id='word_1_279' title='bbox 349 4187 575 4258; x_wconf 87' lang='lat' dir='ltr'><strong><em>assederunt</em></strong></span> <span class='ocrx_word' id='word_1_280' title='bbox 601 4183 638 4254; x_wconf 89' lang='lat' dir='ltr'><strong><em>in</em></strong></span> <span class='ocrx_word' id='word_1_281' title='bbox 668 4183 837 4278; x_wconf 85' lang='lat' dir='ltr'><strong><em>consilio,</em></strong></span> <span class='ocrx_word' id='word_1_282' title='bbox 865 4181 983 4256; x_wconf 88' lang='lat' dir='ltr'><strong><em>acturi</em></strong></span> <span class='ocrx_word' id='word_1_283' title='bbox 1001 4185 1048 4255; x_wconf 90' lang='lat' dir='ltr'><strong><em>de</em></strong></span> <span class='ocrx_word' id='word_1_284' title='bbox 1066 4182 1218 4256; x_wconf 86' lang='lat' dir='ltr'><strong><em>introitu</em></strong></span> 
     </span>
     <span class='ocr_line' id='line_1_38' title="bbox 5 4282 930 4356; baseline 0 0"><span class='ocrx_word' id='word_1_285' title='bbox 5 4298 6 4303; x_wconf 77' lang='grc'>’</span> <span class='ocrx_word' id='word_1_286' title='bbox 116 4284 228 4356; x_wconf 90' lang='lat' dir='ltr'><strong><em>Urbis</em></strong></span> <span class='ocrx_word' id='word_1_287' title='bbox 249 4295 286 4356; x_wconf 88' lang='lat' dir='ltr'><strong><em>et</em></strong></span> <span class='ocrx_word' id='word_1_288' title='bbox 305 4283 482 4356; x_wconf 89' lang='lat' dir='ltr'><strong><em>cavendis</em></strong></span> <span class='ocrx_word' id='word_1_289' title='bbox 500 4282 644 4356; x_wconf 90' lang='lat' dir='ltr'><strong><em>insidiis</em></strong></span> <span class='ocrx_word' id='word_1_290' title='bbox 663 4283 930 4356; x_wconf 87' lang='lat' dir='ltr'><strong><em>Romanorum.</em></strong></span> 
     </span>
    </p>
   </div>
   <div class='ocr_carea' id='block_1_10' title="bbox 0 0 1504 4900">
    <p class='ocr_par' dir='ltr' id='par_1_11' title="bbox 0 0 1504 4900">
     <span class='ocr_line' id='line_1_39' title="bbox 0 0 1504 4900; baseline 0 0"><span class='ocrx_word' id='word_1_291' title='bbox 0 0 1504 4900; x_wconf 95' lang='lat' dir='ltr'><strong><em> </em></strong></span> 
     </span>
    </p>
   </div>
  </div>
 </body>
</html>
