3000 4900
146 455 393 539 HELMOLDI
412 454 652 531 Chronica
671 446 940 531 SLAVORUM.
966 454 1052 529 LlB.
1068 456 1093 529 l.
1150 461 1220 531 177

120 658 331 735 Guncelino
364 654 656 737 commendarit
704 657 819 729 Porro
853 656 1092 756 Mikilinburg
1120 658 1225 732 dedit

121 759 320 856 Heinrioo,
347 756 494 830 cuidam
522 755 637 829 nobili
656 758 708 828 de
730 756 918 852 Scathen,
946 759 1008 856 qui
1034 759 1148 845 etiarn
1173 763 1224 833 de
1320 822 1323 827 .

122 860 294 937 Flandria
314 857 467 932 adduxit
487 855 764 931 multitudinem
790 859 1027 957 populorum,
1049 869 1087 933 et
1114 860 1225 933 collo·

125 962 223 1037 cavit
249 984 317 1039 eos
336 957 576 1054 Mikdinburg
603 967 640 1031 et
665 957 702 1030 in
725 958 899 1033 omnibus
919 959 1088 1033 terminis
1109 960 1224 1036 eius¹.

121 1067 170 1139 Et
204 1060 331 1161 posuit
375 1061 448 1133 dux
485 1058 707 1157 episcopum
751 1058 789 1131 in
827 1070 933 1133 terra
967 1061 1225 1135 ‚Obotritorurn

126 1158 1226 1260 domnumbernonem,quidefuuctollmmehardoMagno-

125 1265 292 1365 politane
308 1260 473 1360 presedit
488 1258 660 1333 ecclesie.
687 1261 801 1333 Porro
817 1261 1054 1360 Magnopolis
1069 1263 1152 1362 ipsa
1169 1274 1228 1337 est

125 1365 387 1460 hlikilenburg.
414 1360 903 1458 Etsubscripsitindotem
923 1363 1227 1463 Magnopolitane
1352 1444 1354 1449 ¹
1474 1392 1477 1399 ·

129 1467 292 1541 ecclesie
311 1472 502 1536 trecentos
518 1485 688 1557 mansos,
706 1462 805 1535 sicut
818 1474 929 1536 antea
945 1462 1088 1537 fecerat
1101 1465 1230 1539 Racis·

128 1564 308 1657 burgensi
324 1574 362 1637 et
377 1562 687 1659 Aldenburgensi.
714 1563 759 1635 Et
772 1563 872 1636 facta
886 1564 1151 1663 postulatione,
1166 1572 1229 1641 ob·

129 1667 239 1741 tinuit
255 1668 354 1764 apud
375 1687 545 1737 cesarem
566 1664 828 1737 auctoritatem
848 1666 1091 1764 episcopatus
1112 1668 1230 1741 susci·

129 1781 231 1864 tare,
260 1769 349 1839 dare
374 1775 413 1837 et
438 1762 663 1837 confirmare
687 1764 725 1836 in
748 1764 850 1836 omni
871 1775 971 1839 terra
994 1766 1231 1863 Sclavorum,

132 1892 246 1969 quam
261 1867 322 1940 vel
340 1866 423 1963 ipse
439 1865 499 1938 vel
518 1864 782 1963 progenitores
798 1865 856 1938 sui
872 1867 1156 1964 subjugaverint
1170 1868 1234 1941 in²

132 1970 331 2068 clipeosuo
343 1978 381 2041 et
391 1966 471 2038 iure
485 1965 572 2039 belli
580 1964 605 2036 ³.
625 1966 881 2053 Quamobrem
892 1968 1040 2040 vocavit
1051 1972 1230 2043 domnum

4 2105 5 2175 p
133 2070 336 2145 Geroldum
365 2067 740 2164 Aldenburgensem,
775 2068 954 2141 domnum
981 2068 1234 2143 Evermodum

4 2177 5 2254 l
128 2170 492 2265 Raoisburgensem,
517 2170 700 2242 domnum
726 2168 943 2241 Bernonem
961 2169 1234 2271 Magnopolita·

4 2317 6 2372 t
134 2296 238 2367 num,
254 2281 295 2341 nt
312 2268 525 2368 reciperent
544 2270 589 2340 ab
610 2291 655 2345 eo
674 2268 876 2365 dignitates
897 2294 1001 2365 suas,
1021 2281 1058 2343 et
1072 2273 1235 2371 applica·

132 2382 265 2446 rentur
290 2369 324 2442 ei
350 2391 419 2467 per
444 2367 598 2441 hominii
625 2368 914 2468 exhibitionem,
940 2370 1037 2443 sicut
1062 2396 1146 2446 mos
1176 2384 1236 2447 est

133 2473 216 2548 lieri
244 2470 471 2570 imperatori.
517 2469 589 2557 Qui
607 2468 695 2542 licet
716 2471 816 2544 hanc
834 2471 1114 2569 impositionem
1142 2473 1236 2548 dilli-

6 2648 7 2659 ,
133 2575 315 2650 cillimam
339 2570 566 2665 iudicarent,
592 2582 792 2644 cesserunt
817 2582 946 2645 tamen
975 2585 1129 2673 propter
1147 2599 1234 2648 enm

132 2675 199 2774 qui
218 2698 261 2747 se
280 2671 491 2746 humiliavit
508 2681 663 2770 propter
681 2696 764 2766 nos,
785 2683 822 2745 et
841 2695 889 2746 ne
908 2674 1057 2747 novella
1074 2677 1237 2749 ecclesia

8 2764 9 2857 {
134 2785 291 2876 ¹caperet
309 2771 588 2847 detrimentum.
625 2773 669 2845 Et
687 2773 790 2846 dedit
808 2763 955 2847 eis'dux
975 2775 1171 2875 privilegia
1191 2780 1237 2849 de

136 2874 445 2978 possessionibus
465 2884 502 2947 et
520 2875 566 2946 de
587 2873 765 2948 reditibus
781 2877 878 2948 etde
893 2875 1061 2949 iusticiis.
1093 2878 1137 2950 Et
1154 2901 1239 2975 pre·

10 3044 11 3047 ,
100 3025 109 3038 ·
137 2978 240 3077 cepit
256 2979 331 3050 dux
350 2975 512 3071 Sclavis,
528 2973 591 3072 qui
610 2985 875 3048 remanserant
893 2974 930 3047 in
947 2984 1050 3050 terra
1070 2978 1240 3075 Wagiro·

11 3116 12 3125 ¹
139 3103 238 3175 rum,
255 3077 493 3174 Polaborum,
520 3074 790 3171 Obotritorum,
808 3074 1038 3174 llioinornm,
1059 3087 1100 3151 ut
1119 3079 1240 3153 solve·

138 3190 227 3255 rent
244 3179 386 3252 reditus
407 3175 658 3276 episcopales,
677 3176 739 3274 qui
754 3177 951 3250 solvuntur
965 3181 1064 3277 apud
1079 3181 1240 3254 Polanos

13 3334 14 3347 2
136 3293 256 3380 atque
283 3280 537 3372 Pomeranos,
573 3277 645 3350 hoc
670 3286 735 3350 est
758 3280 804 3351 de
832 3289 957 3351 aratro
988 3290 1067 3353 tres
1095 3282 1241 3355 modios

14 3392 15 3443 l
139 3379 303 3479 siliginis
323 3389 361 3453 et
379 3377 577 3452 duodecim
596 3401 773 3450 nummos
793 3389 946 3452 monete
964 3380 1123 3478 publice.
1163 3383 1241 3456 Mo-

141 3483 227 3557 dius
247 3491 373 3554 autem
389 3479 610 3554 Sclavorum
625 3489 782 3551 vocatur
796 3478 925 3576 lingua
945 3503 1075 3553 eorum
1091 3484 1242 3558 curitce.

17 3682 18 3711 ,
142 3640 170 3712 1)
190 3635 323 3690 budollus
343 3635 489 3686 advocatus
509 3629 722 3687 Brunswicensii
742 3643 770 3686 et
788 3631 922 3688 Ludollus
942 3636 976 3689 de
997 3633 1089 3699 Peina,
1116 3640 1244 3694 miniate-

17 3722 18 3745 l
141 3712 226 3767 riales
245 3707 331 3771 ducis,
350 3714 498 3760 occurrunt
521 3707 549 3758 in
575 3706 665 3760 multia
686 3705 786 3759 chartis
805 3704 929 3761 Heinrici
947 3705 1056 3770 Leonis,
1084 3727 1108 3764 e.
1130 3729 1157 3782 g.
1175 3711 1245 3770 alter

18 3794 19 3797 ’
141 3786 173 3840 in
192 3784 283 3838 charta
304 3798 329 3834 a.
341 3777 420 3841 1168,
449 3777 525 3848 Orig.
546 3776 704 3842 ductent,
724 3779 810 3850 prael.
827 3779 871 3842 37,
892 3781 959 3834 alter
977 3779 1245 3843 mouumentum

143 3856 178 3915 U.
190 3855 222 3910 B.
238 3854 261 3910 l.
277 3873 304 3910 n.
320 3851 364 3907 74.
387 3882 419 3891 —
440 3850 506 3905 item
528 3849 704 3914 (innuebant,
724 3852 824 3906 nobilis
843 3853 876 3905 de
896 3851 998 3924 Hagen,
1020 3872 1043 3910 e.
1063 3873 1088 3926 g.
1109 3857 1137 3912 in
1153 3859 1244 3916 cham

145 3951 171 3986 a.
191 3928 265 3982 1162
284 3928 365 3980 modo
382 3925 474 3980 citata.
502 3955 540 3964 -
567 3921 715 3978 Heinricus
740 3926 773 3978 de
793 3923 892 3978 Scaten
918 3943 982 3989 non,
1013 3937 1042 3981 ut
1062 3930 1185 4000 opinatus
1205 3945 1246 3990 est
1308 3929 1318 3948 ‘

146 4003 283 4058 Wersebe
301 3997 475 4053 Niedcrlatnd.
488 3995 618 4052 Colonien
632 3997 652 4049 l.
668 4013 695 4068 p.
705 3995 770 4062 419,
789 3997 919 4052 oriundus
939 4008 980 4053 ost
999 4018 1013 4053 a
1034 4001 1134 4056 familia
1154 4010 1247 4062 comi-

147 4089 205 4134 tum
232 4077 266 4129 de
284 4072 420 4128 Scbladen
445 4070 473 4124 in
493 4069 634 4124 territorio
660 4068 901 4136 llildesbeimensi‚
927 4076 973 4127 sod
1000 4075 1088 4144 potius
1113 4077 1186 4132 idem
1215 4099 1248 4136 ac

145 4149 295 4205 Heinricus
325 4161 415 4199 comes
444 4145 479 4198 de
505 4141 614 4206 Schota,
643 4143 719 4197 testis
749 4145 863 4198 duarum
893 4146 1043 4200 chartarum
1070 4166 1095 4201 a.
1123 4149 1194 4206 1163
1218 4155 1247 4209 in

146 4221 338 4288 Mellenburg.
364 4215 396 4272 U.
415 4214 447 4271 B.
468 4215 488 4280 l,
508 4234 535 4271 n.
555 4215 593 4269 78
612 4225 639 4271 ot
656 4213 702 4270 82.
794 4216 823 4287 2)
842 4217 860 4272 i.
881 4236 905 4272 e.
926 4235 997 4283 cum,
1020 4220 1090 4277 sicut
1115 4241 1195 4296 supra
1219 4235 1249 4284 ἐκ

145 4294 343 4363 montbeliart,
364 4289 436 4346 conl.
458 4306 516 4359 cap.
537 4287 582 4343 51.
655 4287 683 4362 3)
703 4286 784 4343 Conl.
804 4287 850 4342 lib.
869 4289 906 4344 ll.
926 4309 984 4364 cap.
1004 4293 1030 4345 9.

970 4367 1013 4441 12
