3000 4900
133 442 379 526 HELMOLDl
398 440 639 515 CHRONlCA
658 439 926 528 SLAVORUM.
953 440 1039 513 LlB.
1054 441 1079 512 l.
1138 442 1207 515 159

110 642 292 717 Romanis
311 642 348 713 in
368 641 529 738 gratiam
549 664 661 738 pape,
688 640 831 713 cesaris
853 640 1038 739 expeditio
1058 640 1210 715 retorsit

110 745 182 817 iter
209 745 252 815 ad
279 742 453 837 reditum,
483 752 518 813 et
547 744 770 814 deserentes
789 741 933 813 ltaliam
962 752 1148 815 venerunt
1171 740 1208 812 in

107 842 418 940 Longobardiam.
451 840 533 928 Qua
553 840 818 915 nichilominus
834 842 1043 940 postposita
1055 840 1081 937 ¹,
1096 865 1210 914 vene·

110 954 199 1017 rrint
225 947 431 1038 Veronam⁷
463 940 524 1013 ubi
552 941 708 1038 contigit
732 965 904 1014 cesarem
933 967 1017 1015 cum
1044 942 1210 1015 exercitu

111 1067 228 1142 grave
246 1043 451 1116 incurrisse
470 1040 683 1114 discrimen.
723 1042 917 1139 Siquidem
936 1043 1210 1116 Veronensium

109 1146 172 1218 lex
192 1154 263 1241 est⁷
282 1142 501 1241 imperatori
518 1141 819 1238 Longobardiam
836 1143 1041 1239 egredienti
1056 1154 1210 1241 pontem

111 1244 269 1318 navibus
299 1255 470 1317 sternere
501 1241 539 1313 in
566 1240 745 1339 flumine,
771 1247 867 1341 quod
896 1243 1029 1315 dicitur
1053 1242 1212 1339 Edesa²,

112 1344 218 1419 cuiuis
238 1345 401 1442 impetus
416 1343 534 1417 instar
547 1343 724 1416 torrentis
740 1343 925 1417 violentus
944 1344 1085 1416 nemini
1101 1348 1212 1417 vado·

111 1469 179 1519 sus
199 1455 267 1518 est.
296 1446 388 1519 Cum
406 1444 519 1541 igitur
538 1442 739 1516 transisset
757 1444 958 1539 exercitus,
975 1445 1100 1517 statim
1116 1468 1213 1542 pons

110 1546 173 1619 ille
189 1570 210 1619 a
224 1544 389 1618 fluminis
405 1544 548 1642 impetu
564 1553 693 1641 raptus
707 1555 776 1617 est.
804 1545 1091 1643 Properansque
1107 1569 1213 1617 exer·

114 1646 210 1719 citus
226 1645 328 1719 venit
346 1647 390 1717 ad
415 1643 631 1741 angustiam
652 1645 727 1741 vie,
749 1643 808 1716 cui
829 1644 964 1718 Clusa³
983 1670 1122 1719 nomen
1142 1654 1213 1742 est⁷

113 1746 176 1820 ubi
194 1746 292 1819 inter
306 1745 483 1843 scopulos
504 1745 584 1818 celo
601 1745 799 1841 contiguos
814 1744 885 1817 iter
899 1750 994 1819 adeo
1010 1747 1045 1819 in
1067 1758 1214 1819 arctum

112 1848 285 1942 trahitur,
307 1856 347 1917 ut
365 1848 509 1919 duobus
528 1844 668 1943 pariter
682 1845 940 1919 incedentibus
960 1859 1212 1921 commeatum

113 1947 175 2020 vix
190 1950 355 2045 prebeat.
379 1947 426 2018 At
439 1944 681 2019 Veronenses
696 1946 938 2042 supercilium
954 1948 1092 2020 montis
1105 1972 1215 2021 occu·

112 2057 261 2146 parant,
280 2045 484 2143 missisque
498 2045 629 2119 iaculis
645 2045 837 2119 neminem
852 2048 1014 2121 transire
1030 2048 1212 2121 sinebant.

114 2148 371 2246 Requirebant
394 2156 522 2220 autem
549 2149 595 2221 ab
623 2146 865 2244 imperatore,
893 2148 978 2245 quid
1005 2174 1072 2247 pro
1094 2150 1214 2224 salute

117 2247 256 2322 suimet
273 2258 386 2345 atque
405 2271 559 2319 suorum
580 2248 669 2319 dare
689 2247 812 2321 vellet.
849 2249 966 2321 Cesar
987 2250 1112 2346 igitur,
1135 2260 1214 2323 tarn

113 2348 271 2422 flumine
294 2347 616 2446 quammontibus
640 2346 802 2444 undique
817 2348 976 2445 cinctus,
999 2350 1215 2423 incredibile

117 2451 217 2524 dictu
237 2460 296 2523 est
314 2448 473 2547 qualiter
491 2447 615 2521 animo
640 2459 904 2522 consternatus
921 2452 1043 2548 luerit,
1071 2451 1216 2546 ingres·

118 2574 258 2648 susque
287 2549 589 2644 tabernaculum,
617 2549 857 2625 discalciatus
883 2554 1022 2648 pedm,
1048 2551 1217 2624 adoravit

118 2675 245 2726 coram
265 2648 411 2722 vivilico
430 2649 532 2746 ligno
559 2649 680 2722 crucis
699 2649 858 2722 Domini.
895 2651 972 2724 Neo
991 2675 1110 2744 mora,
1130 2652 1219 2726 divi·

118 2752 217 2823 nitus
233 2749 451 2847 inspiratus,
464 2750 606 2822 invenit
621 2750 828 2823 consilium.
854 2751 955 2824 Fecit
965 2752 1077 2850 igitur
1091 2753 1217 2826 vocari

121 2875 187 2924 eos
205 2848 266 2947 qui
284 2853 329 2922 de
341 2853 487 2922 Verona
503 2874 633 2923 secum
650 2861 769 2946 erant,
783 2861 820 2922 et
835 2851 885 2924 ait
900 2856 944 2925 ad
959 2853 1063 2928 illos:
1094 2853 1217 2928 Osten-

120 2951 192 3024 dite
210 2951 297 3022 mibi
314 2949 443 3022 collem
458 2950 802 3046 absconditamque·
822 2950 924 3025 ducit
935 2957 971 3026 in
984 2953 1219 3048 supercilium

118 3055 265 3146 montis,
290 3049 454 3146 alioquin
480 3051 607 3126 iubebo
633 3050 747 3140 effodi
766 3051 893 3124 oculos
910 3061 1058 3126 vestroe.
1102 3055 1151 3126 At
1168 3055 1220 3128 illi

117 3153 299 3226 timentes
314 3153 536 3224 detexerunt
547 3152 581 3223 ei
600 3152 744 3225 abditos
758 3176 942 3226 ascensus
958 3155 1106 3228 montis.
1138 3154 1220 3228 Sta-

117 3254 263 3350 timque
283 3254 582 3325 conscendentes
602 3252 795 3326 l'ortissimi
816 3254 973 3326 militum
990 3279 1220 3352 supervene-

120 3362 207 3426 runt
242 3351 411 3425 hostibus
440 3377 460 3424 a
489 3362 597 3448 tergo
626 3364 662 3425 et
688 3353 865 3426 disiectos
898 3380 1025 3452 pugna
1052 3379 1221 3454 compre·
1290 3441 1293 3450 .,

119 3456 335 3527 henderunt
352 3453 497 3526 nobiles
518 3476 649 3525 eorum
669 3463 707 3525 et
725 3456 980 3550 perduxerunt
993 3481 1066 3544 eos
1081 3457 1117 3529 in
1134 3480 1220 3530 con-

121 3564 295 3653 spectum
308 3553 463 3649 cesaris,
475 3553 536 3651 qui
551 3553 640 3627 lecit
654 3577 720 3626 eos
732 3554 937 3652 suspendio
949 3555 1057 3629 affici.
1083 3557 1220 3655 Sisque

119 3654 278 3731 remotis
298 3653 546 3749 offendiculis,
567 3655 754 3728 exercitus
773 3656 939 3752 perrexit
956 3656 1091 3730 itinere
1106 3682 1186 3730 suo.
1331 3656 1334 3662 ’

198 3757 258 3830 82.
296 3754 503 3827 Concordia
527 3757 780 3849 episcoporum
801 3755 978 3830 Hurtwici
1003 3764 1039 3829 et
1063 3756 1220 3830 Geroldi.

121 3858 214 3929 Post
237 3856 309 3936 hec
332 3855 534 3954 episcopus
561 3865 703 3953 noster,
730 3866 884 3953 accepta
905 3881 926 3928 a
945 3858 1039 3930 dirce
1058 3857 1222 3954 licentia7

122 3955 285 4030 secessit
324 3956 360 4027 in
394 3955 592 4053 Sueviam,
624 3957 685 4030 ubi
715 3957 981 4032 venerabiliter
1012 3961 1057 4032 ab
1090 3958 1221 4032 amicis

123 4067 327 4155 susceptus
354 4067 391 4130 et
416 4081 485 4155 per
511 4056 590 4131 dies
622 4056 764 4155 aliquot
791 4068 982 4156 retentus,
1010 4059 1159 4132 divertit
1185 4059 1222 4131 in

126 4212 151 4338 ¹i
172 4213 194 4337 iV
213 4229 237 4338 q.
257 4229 312 4300 non
337 4211 424 4266 minus
449 4213 550 4269 relicta.
624 4212 652 4284 2)
673 4212 717 4266 die
737 4211 831 4267 Etsch.
907 4213 933 4286 3)
953 4211 1053 4268 Cbiusa
1075 4211 1223 4270 interPeri

119 4303 138 4340 e
197 4302 292 4339 oarui.
