3000 4900
272 381 320 492 ai
374 405 624 488 nuunoum
643 412 888 488 cunomon
905 413 1173 488 suavonou.
1201 414 1290 526 na
1305 413 1332 488 1.

270 615 422 689 nomine
442 615 561 688 saneti
578 613 650 687 Viti
669 615 891 712 gloriantur,
914 615 973 688 cui
992 614 1107 688 etiam
1124 616 1310 714 templum
1329 628 1368 690 et

269 717 514 790 simulacrum
534 715 768 813 amplissimo
796 717 898 789 cultu
918 715 1194 812 dedicaverunt,
1219 715 1273 787 illi
1292 717 1367 815 pri·

269 827 413 889 matum
429 815 576 889 deitatis
597 815 812 914 specialiter
826 816 1083 889 attribuentes,
1116 810 1172 890 De
1192 817 1366 890 omnibus

270 939 419 1015 quoque
433 916 635 1015 provinciis
650 916 874 990 Sclavorum
892 916 969 988 illic
987 941 1170 1015 responsa
1186 928 1367 1014 petuntur

270 1030 308 1092 et
326 1017 600 1090 sacrificiorum
626 1016 847 1090 exhibentur
875 1043 998 1090 annue
1026 1017 1246 1090 solutiones.
1290 1017 1366 1090 Sed

268 1143 338 1192 nec
358 1118 642 1210 mercatoribus,
658 1117 720 1214 qui
734 1118 833 1191 forte
851 1119 897 1190 ad
915 1117 999 1190 illas
1015 1120 1124 1190 sedes
1139 1117 1365 1215 appulerint,

267 1229 373 1317 patet
392 1220 468 1290 ulla
492 1219 653 1291 facultas
678 1218 861 1291 vendendi
885 1220 946 1291 vel
975 1217 1135 1314 emendi,
1162 1217 1233 1289 nisi
1260 1218 1365 1316 prius

258 1321 314 1392 ,de
332 1319 520 1392 mercibus
540 1319 617 1390 suis
641 1319 710 1390 deo
730 1318 901 1417 ipsorum
919 1318 1091 1416 preciosa
1110 1343 1257 1415 queque
1275 1319 1366 1390 liba-

230 1454 234 1461 .
267 1419 401 1514 verint,
416 1429 455 1493 et
474 1429 563 1491 tunc
578 1420 730 1491 demum
749 1418 997 1503 mercimonia
1013 1420 1095 1490 foro
1115 1417 1364 1516 publicantur.

267 1518 477 1592 Flaminem
494 1543 605 1591 suum
621 1544 695 1591 non
710 1519 834 1590 minus
851 1544 966 1614 quam
979 1543 1111 1617 regern
1125 1530 1363 1592 venerantur.

268 1622 323 1692 Ab
345 1644 389 1692 eo
408 1619 523 1716 igitur
543 1629 727 1717 ternpore,
758 1643 830 1715 quo
885 1618 980 1690 rimo
1010 1619 1097 1692 fidei
1124 1619 1366 1693 renunciave-

269 1730 368 1815 runt,
399 1720 470 1793 hec
489 1719 705 1818 superstitio
731 1719 830 1817 apud
855 1645 982 1791 banos
1000 1731 1219 1818 perseverat
1245 1745 1365 1818 usque

267 1821 306 1892 in
325 1819 548 1893 hodiernum
567 1819 677 1892 diem.

344 1925 379 1992 7.
423 1921 627 1992 Persecutio
658 1919 1006 1993 Northmannorum.
1084 1918 1184 1993 Sane
1216 1919 1364 2018 populis

269 2020 492 2094 Sclavorum
511 2032 549 2094 et
566 2021 701 2095 ceteris
721 2020 895 2118 gentibus
923 2020 997 2094 fide
1021 2019 1230 2095 imbuendis
1249 2045 1365 2118 grave

269 2122 314 2192 ab
343 2120 447 2192 initio
471 2121 618 2219 prebuit
643 2120 920 2203 irritamentum
947 2146 992 2194 ea
1019 2122 1205 2193 bellorum
1222 2132 1365 2220 tempe·

270 2231 360 2317 stas,
390 2245 461 2316 que
480 2221 748 2293 Northmannis
772 2219 1087 2294 tumultuantibus
1113 2221 1151 2293 in
1169 2232 1248 2293 toto
1268 2247 1365 2319 pene

270 2319 414 2394 desevit
432 2322 552 2394 orbo1.
588 2323 703 2393 Porro
720 2323 1067 2393 Northmannorum
1086 2321 1271 2394 exercitus
1290 2323 1366 2398 col-

269 2420 426 2495 lectivus
445 2421 516 2495 fuit
534 2423 579 2496 de
599 2421 815 2495 fortissimis
830 2420 1037 2517 Danorum,
1051 2419 1258 2519 Sueonum,
1273 2423 1366 2495 Nor·

268 2548 438 2615 veorum,
457 2524 519 2619 qui
537 2534 626 2595 tunc
645 2524 741 2596 forte
761 2525 829 2595 sub
850 2548 923 2595 uno
943 2522 1153 2621 principatu
1173 2523 1366 2596 constituti

270 2623 392 2721 primo
413 2623 582 2696 omnium
601 2623 771 2718 SclavoS,
800 2623 861 2719 qui
888 2648 956 2722 pre
974 2624 1147 2696 manibus
1166 2633 1285 2720 erant,
1299 2624 1367 2695 mi·

270 2734 401 2795 serunt
427 2726 494 2795 sub
522 2724 715 2819 tributum,
752 2723 884 2796 deinde
912 2734 1038 2797 cetera
1061 2723 1221 2796 finitima
1248 2750 1367 2823 regna

269 2834 371 2897 terra
386 2824 555 2921 marique
569 2827 766 2901 vexabant.
796 2823 940 2911 Quibus
954 2824 1124 2921 profecto
1140 2848 1216 2896 non
1230 2850 1368 2923 parum

272 2924 466 2998 addiderat
486 2924 622 2998 virium
636 2949 680 2997 ea
700 2924 858 2996 Romani
877 2923 1024 3022 imperii
1052 2924 1261 3021 diminutio,
1280 2950 1366 3023 qua,

271 3035 312 3097 ut
339 3025 619 3123 supradictum
644 3024 735 3122 est2,
761 3036 849 3121 post
873 3035 1047 3123 tempora
1072 3024 1231 3098 senioris
1248 3026 1367 3099 bode-

270 3123 364 3218 wici,
375 3126 479 3223 prius
495 3126 644 3222 quidem
659 3124 846 3197 intestinis
861 3126 968 3199 bellis
984 3126 1221 3223 exhaustum,
1232 3136 1367 3224 postea

272 3223 309 3296 in
325 3236 486 3321 quatuor
507 3225 666 3299 divisum
684 3224 891 3324 portioneS,
910 3225 1068 3298 totidem
1087 3229 1368 3323 gubernabatur

271 3324 424 3421 regulis.
470 3342 617 3399 Constat
645 3344 774 3414 igitur,
804 3344 873 3397 isto
905 3353 1060 3413 ternpore
1092 3341 1290 3397 Northmanuos
1316 3362 1369 3418 per

272 3423 388 3491 Ligerim
404 3424 539 3478 Thuronis
558 3427 747 3491 succendisse,
766 3444 814 3496 per
831 3425 985 3497 Sequanam
1000 3423 1118 3479 Parisios
1135 3426 1286 3488 obsedisse,
1306 3424 1370 3478 Ka-

272 3497 359 3549 rolum
378 3516 467 3567 regern
489 3498 584 3553 timore
603 3499 773 3567 compulsum
794 3509 891 3552 terram
912 3499 950 3552 eis
978 3497 1084 3552 dedisse
1104 3501 1136 3551 ad
1163 3498 1370 3564 habitandum³,

272 3595 345 3666 que
372 3596 394 3643 a
418 3572 686 3644 Northmannis
716 3596 896 3670 possessa
927 3571 1198 3645 Northmandie
1229 3597 1369 3646 nomen

273 3671 429 3768 accepit.
460 3688 564 3743 Deinde
579 3690 749 3757 Lotharingia
765 3700 865 3744 vastata
880 3699 907 3743 et
922 3691 1032 3743 subacta
1046 3699 1097 3743 est
1109 3688 1229 3745 tiresias.
1249 3688 1371 3743 Noster

273 3780 382 3823 autem
402 3770 613 3837 Lodewicus,
633 3790 692 3825 rex
708 3771 846 3825 seilicet
862 3770 1054 3833 Germania,
1070 3768 1269 3825 Northmaunos
1290 3773 1370 3826 leda:

273 3844 348 3897 ribus
368 3845 424 3897 sive
444 3845 534 3913 preliis
554 3845 605 3897 hoc
626 3847 705 3897 modo
720 3844 846 3910 retinuit,
872 3854 914 3909 ut,
935 3864 994 3899 cum
1014 3844 1156 3899 Franciarn
1176 3854 1258 3898 totam
1277 3855 1371 3899 vaste-

273 3916 375 3981 verint,
395 3935 478 3987 reguo
497 3918 554 3971 eius
574 3917 615 3970 vel
636 3918 745 3971 minime
766 3920 915 3974 nocuerint.
952 3917 1018 3971 Post
1036 3918 1114 3971 cuius
1134 3928 1247 3972 mortem

456 3989 551 4043 Ellera
571 3991 710 4044 barbaries
729 3992 796 4043 laxis
816 3994 943 4061 regnabat
963 3991 1083 4047 habenis.

236 4129 238 4133 v
276 4105 300 4177 1)
320 4109 365 4161 Sic
388 4114 442 4165 toto
468 4108 571 4163 Aeaeus
595 4111 714 4166 desuevit
737 4114 765 4164 in
782 4125 908 4181 <aequore
930 4114 1023 4165 uictor.
1069 4108 1170 4179 Vergil.
1194 4109 1265 4164 Aen.
1292 4110 1311 4163 t.
1331 4107 1369 4163 X.
1411 4075 1413 4082 Ι
1486 4117 1488 4176 ζ

274 4198 299 4233 v.
313 4180 377 4233 569.
450 4181 478 4251 2)
498 4182 587 4252 capl
605 4182 650 4236 un.
738 4181 765 4248 3)
786 4185 979 4239 Norttmunnos
990 4184 1201 4239 -tobttuadum
1220 4201 1253 4237 ex
1271 4180 1369 4237 Adami
1387 4213 1391 4218 «
1486 4181 1488 4246 ξ

274 4254 293 4308 Ι.
313 4252 334 4309 l.
354 4272 413 4325 cap.
428 4254 472 4309 30.
548 4255 574 4325 4)
594 4255 695 4311 Deinde
706 4285 739 4295 -—
750 4256 842 4311 Fresiu
861 4256 990 4309 indidem.
