3000 4900
253 428 324 502 126
359 422 610 498 HELMOLDl
623 422 867 498 CHRONlCA
883 421 1149 530 SLAVORUM.
1177 422 1266 497 LlB.
1281 424 1307 496 l.

249 637 447 700 statorum.
483 626 549 698 His
569 624 705 698 auditis
719 649 848 699 comes
864 625 1109 723 congregavit
1124 625 1342 720 exereitum,

250 741 292 800 nt
309 737 497 826 pugnaret
513 752 599 799 cum
615 725 760 799 Sclavis
780 737 817 799 et
835 726 974 800 eiceret
993 750 1058 799 eos
1078 729 1123 799 de
1141 736 1243 799 terra
1262 750 1342 798 sua.

251 829 334 916 Quo
353 852 505 900 rumore
524 838 732 925 comperto,
755 826 880 900 Sclavi
898 826 1089 900 redierunt
1108 828 1152 898 ad
1172 851 1287 899 naves
1307 837 1345 899 et

249 931 422 1002 ‘abierunt
440 928 565 1000 onusti
591 928 636 1000 de
665 928 838 1025 captione
864 927 1078 999 hominum¹
1106 938 1143 1000 et
1170 929 1215 1000 de
1239 927 1344 1000 varia

250 1028 499 1128 supellectile,
523 1053 637 1124 quam
661 1028 806 1126 predati
832 1029 982 1101 fuerant
999 1028 1036 1100 in
1054 1039 1155 1101 terra
1173 1029 1344 1126 Wagiro-

250 1155 346 1203 rum.
1022 1149 1026 1156 ·

351 1234 410 1306 65.
441 1229 494 1301 lle
529 1228 717 1301 obsidione
745 1229 879 1301 Dimin.
949 1228 1101 1301 Interim
1136 1229 1240 1302 volat
1274 1229 1344 1300 hec

250 1329 375 1404 fama²
394 1355 461 1428 per
480 1329 695 1403 universam
707 1329 912 1401 Saxoniam
932 1330 1237 1426 etWestfaliam2
1257 1328 1345 1425 quia

251 1429 376 1504 Sclavi
394 1433 495 1503 facta
513 1431 710 1529 eruptione
728 1431 868 1502 bellum
884 1429 1028 1527 priores
1048 1430 1173 1502 adorsi
1187 1430 1344 1524 fuerint3

252 1543 290 1606 et
305 1530 497 1604 festinavit
515 1531 637 1603 omnis
655 1531 720 1602 illa
747 1530 947 1628 expeditio,
974 1529 1082 1628 signo
1110 1531 1232 1603 crucis
1258 1530 1345 1602 insi·

252 1633 369 1730 gnita,
395 1633 622 1705 descendere
648 1631 687 1703 in
712 1641 855 1704 terram
883 1630 1105 1703 Sclavorum
1138 1642 1174 1704 et
1198 1629 1345 1704 zelare³

251 1732 485 1830 iniquitatem
505 1734 684 1832 ipsorum.
719 1731 935 1828 Partitoque
955 1731 1132 1827 exercitu,
1152 1732 1245 1804 duas
1264 1757 1344 1803 mu-

170 1910 174 1920 ,
252 1834 413 1906 nitiones
433 1835 671 1929 obsederunt,
691 1831 815 1904 Dubin
834 1843 946 1928 atque
962 1831 1098 1926 Dimin7
1119 1843 1157 1904 et
1174 1833 1346 1905 fecerunt

252 1945 383 2007 contra
402 1957 468 2006 eos
487 1935 681 2006 machinas
705 1935 857 2006 multas.
915 1933 1024 2004 Venit
1048 1927 1197 2029 quoq'ue
1221 1933 1345 2005 Dano-

215 2055 218 2059 ’
251 2061 336 2108 rum
364 2033 561 2131 exercituS,
602 2045 640 2108 et
671 2033 818 2106 additus
852 2043 911 2132 est
936 2033 994 2105 his
1026 2033 1088 2129 qui
1119 2035 1345 2107 obsederant

251 2134 388 2231 liubin,
407 2145 445 2207 et
462 2135 579 2208 crevit
596 2134 751 2207 obsidio.
804 2135 885 2207 Una
903 2133 1018 2231 igitur
1038 2133 1194 2229 dierum,
1224 2134 1345 2206 consi·

251 2237 426 2310 derantes
448 2236 499 2308 hii
528 2235 589 2332 qui
617 2238 841 2308 tenebantur
866 2233 1013 2330 inclusi,
1045 2233 1130 2331 quia
1150 2235 1342 2307 Danorum

252 2336 438 2410 exercitus
453 2336 606 2434 segnius
622 2346 820 2434 ageret-
836 2335 889 2406 hii
907 2334 1007 2435 enim
1023 2334 1122 2407 domi
1138 2360 1343 2433 pugnaces²

251 2437 343 2511 foris
358 2437 530 2512 imbelles
544 2436 653 2511 sunt1
666 2437 821 2509 -facta
836 2435 958 2508 subita
973 2434 1181 2535 eruptione,
1193 2462 1345 2535 percus·

252 2548 383 2612 serunt
401 2564 447 2611 ex
461 2539 515 2613 eis
529 2539 682 2631 multos
698 2548 736 2610 et
748 2548 959 2635 posuerunt
975 2561 1041 2611 eos
1056 2538 1344 2611 crassitudinem

251 2639 409 2713 terrae5.
463 2639 605 2727 Quibus
624 2638 746 2711 'etiam
771 2637 960 2711 subveniri
987 2663 1061 2709 non
1085 2646 1236 2735 poterat
1261 2663 1344 2735 pro·

117 2756 120 2760 ’
179 2801 185 2805 .
251 2750 336 2838 pter
357 2739 582 2813 interiacens
601 2749 777 2836 stagnum
788 2738 813 2809 θ.
852 2736 907 2809 Ob
927 2763 1039 2834 quam
1058 2764 1139 2811 rem
1158 2740 1344 2813 exercitus

251 2841 308 2913 ira
342 2851 549 2938 permotus
574 2839 803 2938 pertinacius
839 2838 1028 2911 instabant
1063 2840 1342 2938 expugnationi.

251 2941 434 3015 Dixerunt
459 2952 586 3014 autem
616 2940 799 3014 satellites
827 2940 930 3011 ducis
956 2940 1074 3012 nostri
1099 2951 1137 3013 et
1153 2940 1343 3014 Adalberti

152 3082 155 3087 ·
251 3042 480 3115 marchionis
499 3041 726 3114 adinvicem:
761 3040 888 3113 Nonne
916 3047 1015 3112 terro
1040 3064 1151 3137 qnam
1175 3040 1344 3114 devasta-

252 3166 345 3237 mus,
364 3148 464 3213 terra
476 3150 605 3214 nostro
624 3143 698 3214 est?
726 3142 777 3213 Et
784 3141 945 3235 populns
958 3164 1063 3237 qnem
1081 3165 1342 3237 erpnpnumns,

249 3241 409 3337 populns
434 3250 559 3315 noster
584 3243 659 3313 est?
704 3242 826 3330 Quare
852 3244 963 3336 ipitur
993 3244 1192 3314 invenimur
1222 3242 1344 3315 hostes

251 3346 444 3416 nostrimet
484 3350 520 3416 et
567 3342 805 3435 dissipatores
846 3342 1076 3437 vectigalium
1109 3344 1343 3416 nostrornm?

251 3442 379 3516 Nonne
404 3446 553 3516 iactura
582 3443 672 3515 haec
700 3441 886 3515 redundat
914 3445 951 3515 in
985 3442 1140 3515 domnos
1174 3445 1344 3541 nostros?

253 3544 444 3641 Ceperunt
460 3544 575 3642 igitur
593 3570 613 3617 a
629 3543 687 3616 die
705 3544 772 3615 illa
784 3544 910 3617 facere
928 3543 966 3615 in
985 3544 1150 3617 exercitu
1164 3544 1344 3643 tergiver-

251 3645 418 3718 sationes
450 3656 489 3719 et
518 3644 751 3717 obsidionem
781 3644 1039 3742 multiplicatis
1070 3644 1229 3718 induciis
1255 3646 1345 3719 alle·

251 3745 364 3820 viare.
377 3746 560 3833 Quotiens
571 3746 671 3819 enirn
685 3744 722 3817 in
733 3769 941 3842 congressu
951 3744 1196 3819 vincebantur
1205 3746 1343 3843 Sclavi,

250 3846 482 3920 retinebatur
496 3846 694 3943 exercitus
713 3871 761 3919 ne
778 3845 981 3943 fugitantes
1001 3846 1287 3957 insequerentur
1306 3857 1346 3920 et

252 3981 277 4049 1)
298 3981 330 4033 V.
350 4000 429 4051 supra
449 3981 526 4038 est.
546 4000 571 4052 p.
585 3980 631 4035 78.
651 3991 705 4035 not.
718 3980 743 4037 4,
818 3981 845 4046 2)
864 3980 938 4049 santa
957 3984 1035 4035 volat.
1051 3980 1123 4053 Virg.
1137 3982 1205 4037 Aen.
1221 3982 1268 4046 lll,
1283 3982 1344 4037 ¹21.

250 4054 276 4122 3)
298 4056 314 4107 i.
326 4073 350 4108 e.
370 4056 514 4124 castigare;
533 4074 557 4108 v.
578 4074 602 4109 c.
615 4054 659 4107 67.
735 4054 761 4124 4)
783 4052 839 4108 tin.
859 4074 882 4108 c.
897 4056 927 4107 5¹
944 4056 962 4107 l.
982 4053 1065 4109 84511.
1146 4057 1171 4124 5)
1192 4056 1209 4111 i.
1222 4074 1246 4113 e.
1267 4057 1344 4128 quasi

249 4130 433 4181 stercorabaut
453 4139 550 4182 terram
570 4128 727 4198 corporibus
747 4144 850 4180 eorum.
986 4128 1010 4195 6)
1030 4134 1163 4197 stupeum,
1190 4130 1208 4181 i.
1219 4148 1243 4184 e.
1271 4148 1346 4183 mare

250 4199 395 4264 balticum,
416 4211 444 4253 ut
471 4201 497 4255 in
523 4201 612 4255 charta
634 4199 877 4254 llrlrundl.liesch.
904 4202 952 4253 der
972 4199 1073 4254 Hense.
1093 4200 1202 4265 lt,215.
1255 4202 1346 4258 Aliter

250 4273 318 4327 baec
337 4274 419 4327 tradit
437 4275 594 4332 Auctarium
616 4273 756 4328 Gemblac.
775 4278 808 4327 ad
829 4273 960 4342 Sigebert.
981 4286 1005 4327 ass
1022 4272 1101 4329 1148.
