3000 4900
252 480 501 555 HELMOLDI
529 479 773 556 CHRONICA
798 481 1065 557 SLAVORUM.
1183 487 1206 558 5

115 707 150 756 a.
173 687 269 757 1167
289 683 439 780 obsedit,
466 687 558 756 inter
583 707 621 757 se
639 682 856 771 confuderit.
894 683 1069 758 Errorem
1084 682 1206 758 Anna·

113 784 202 856 lium
229 784 267 856 S.
285 784 455 858 Disihodi
476 785 622 857 Petrum
649 788 836 857 eremitam
861 787 898 857 in
921 786 1053 875 finibus
1070 787 1205 880 Hispa·

113 888 197 957 niae
214 889 448 958 constitutam
465 888 580 972 fuisse
598 884 791 958 dicentium
816 885 975 958 adauxit
987 886 1204 960 Helmoldus

112 983 262 1058 tradens
278 1009 405 1080 penere
421 984 629 1079 Hispanum
646 985 749 1057 illum
767 988 891 1072 tuisse.

187 1086 282 1158 Bene
300 1085 491 1159 tenendum
508 1092 571 1182 est,
588 1085 711 1158 hostili
727 1088 843 1172 fuisse
860 1092 989 1160 contra
1007 1089 1201 1180 imperato·

111 1208 169 1258 res
196 1189 312 1282 pentis
340 1187 540 1259 Francicae
565 1189 776 1281 scriptorem
806 1186 1029 1259 Saxonicum
1046 1191 1201 1285 animo,

109 1309 225 1382 quare
242 1289 304 1382 eis,
322 1310 415 1383 qnae
432 1286 477 1358 dc
494 1287 666 1360 Heinrico
683 1287 705 1357 Ι
707 1286 742 1358 V.
770 1289 914 1382 eiusque
938 1288 1014 1376 filio
1033 1288 1199 1384 tradidit,

109 1389 229 1460 minor
246 1385 335 1476 fides
350 1386 530 1460 hahendo.
572 1385 742 1459 Deditnm
761 1385 997 1484 devotamque
1009 1392 1120 1481 papis
1138 1389 1200 1460 cli·

15 1549 18 1556 .
109 1493 221 1560 entem
247 1511 327 1560 eum
350 1491 465 1575 fuisse
489 1487 717 1583 nepandnm5
742 1488 819 1581 ipse
835 1493 955 1560 tamen
980 1512 1052 1560 non
1077 1489 1199 1561 solum

102 1587 373 1683 propapandae
399 1589 564 1684 relipioai
591 1587 810 1660 christianae
840 1611 1023 1660 summam
1047 1613 1198 1681 operam

107 1686 217 1784 dedit,
241 1687 306 1762 sed
324 1693 433 1762 etiam
446 1688 646 1784 privilepiis
671 1687 758 1760 cleri
784 1687 1019 1775 defendendis
1049 1692 1124 1776 snit
1144 1692 1196 1762 in·

105 1795 234 1860 tentus.
288 1791 381 1878 (tuin
411 1792 521 1862 etiam
553 1791 736 1882 principes
775 1788 980 1861 Saronicos
1010 1793 1197 1886 ipsumque

103 1889 314 1961 Heinricum
332 1888 459 1962 ducem
471 1897 622 1984 propter
644 1913 703 1961 res
729 1889 992 1962 ecclesiasticas
1016 1889 1197 1986 neplcctas

103 1989 338 2082 reprehendit.
377 1991 538 2062 Ceterum
552 1991 763 2062 Heinricum
777 1991 930 2062 Leonem
947 1994 1118 2063 mnaimis
1135 1994 1195 2063 iis·

103 2113 172 2187 que
196 2089 323 2164 debitis
347 2090 520 2163 laudibus
545 2091 695 2185 catulli,-
729 2089 824 2162 hunc
849 2086 885 2163 et
904 2091 1096 2163 licelinum
1116 2095 1194 2186 pri·

103 2215 185 2263 snas
203 2193 240 2262 in
258 2194 334 2264 eius
350 2191 506 2264 historia
524 2199 640 2264 tenere
653 2198 781 2285 partes
798 2191 944 2264 diceris.

128 2321 131 2326 ¹
179 2293 296 2365 Genus
315 2291 458 2365 dicendi
480 2292 702 2364 emendatius
730 2315 842 2389 quom
868 2300 1069 2365 ceterorum
1095 2292 1193 2365 illius

100 2397 234 2467 aetatis
250 2396 488 2488 scriptorum,
507 2395 649 2466 novisse
666 2417 745 2466 cum
759 2400 891 2487 poetas
908 2394 1096 2466 Romanos
1118 2393 1191 2467 Vir·

97 2494 239 2590 pih‘um,
255 2495 433 2589 Ouidium,
450 2495 661 2589 Terentium,
682 2493 860 2567 Valerium
868 2494 1052 2589 hlaceum,
1067 2519 1191 2567 versus
1301 2550 1304 2555 Α

98 2593 250 2690 quidam
269 2598 378 2668 eneis
396 2596 575 2689 desumpti
593 2595 846 2667 demonstrant
860 2593 915 2667 vel
932 2594 984 2666 ad
1001 2619 1126 2667 eorum
1143 2598 1191 2667 si·

97 2695 335 2768 militudinem
361 2699 470 2784 facti:
505 2720 727 2793 quamquam
748 2695 862 2789 plura
891 2694 1034 2796 videtur
1063 2695 1190 2768 dehere

95 2820 189 2870 suae
205 2801 336 2870 aetatis
348 2800 468 2890 poetis
486 2796 633 2869 clericis.

171 2896 270 2968 lllud
283 2921 422 2993 quoque
434 2897 492 2968 hic
510 2896 881 2991 commemorandum,
895 2900 1096 2968 maalmam
1114 2922 1190 2969 esse

96 3000 136 3068 in
152 2997 338 3069 Helmoldi
353 2998 508 3070 historia
527 2996 761 3092 dialoporum
786 3000 931 3091 copiam
939 3026 954 3090 ,-
981 3000 1043 3094 qui
1060 3000 1097 3068 in
1110 3000 1187 3091 pri·

95 3121 162 3169 ore
180 3098 337 3177 ciusdem
350 3106 458 3192 parte
477 3098 649 3170 delentur
666 3102 827 3185 fortasse
852 3100 1000 3170 vetustis
1018 3101 1187 3171 carmini·

95 3198 177 3293 hus,
196 3200 233 3270 in
252 3223 314 3270 ore
329 3200 457 3293 populi
474 3222 568 3296 qnae
585 3199 807 3285 ferebantur.

174 3298 545 3372 ChronicaHelmoldi
556 3298 675 3370 medio
689 3323 777 3371 aevo
796 3302 833 3370 in
842 3298 1037 3370 Germania
1049 3305 1185 3391 septen·

92 3399 247 3471 trionali
263 3403 453 3472 notissima
476 3404 590 3488 fuisse
616 3406 724 3495 atque
749 3400 882 3470 summi
908 3398 1046 3493 hahita,
1067 3399 1184 3492 pluri-

92 3524 240 3572 morum
273 3500 528 3573 historicorum
565 3524 678 3594 opera
720 3497 973 3571 demonstrant
1013 3499 1185 3573 chronica
1284 3571 1288 3577 .

90 3605 455 3673 commemorantium
474 3608 541 3673 aut
555 3604 637 3694 ipsa
654 3624 780 3673 eorum
804 3599 913 3671 verba
934 3602 1011 3672 suis
1029 3603 1184 3674 inseren-

89 3706 195 3796 tium,
214 3702 350 3774 scilicet

173 3802 213 3896 1)
234 3804 521 3874 Continuotor
538 3804 730 3873 auctarii
751 3799 1043 3897 Aquieinctini
1062 3800 1114 3873 ad
1127 3802 1185 3873 Si·

86 3903 221 3997 piherti
240 3903 504 3976 Gemhlacensis
529 3902 722 3973 chronicon
750 3903 966 3973 ann01168
991 3901 1093 3995 apud
1118 3902 1184 3973 Mi-

88 4027 222 4075 raeum
237 4029 273 4097 p.
290 4006 374 4077 222.
457 4003 498 4098 2>
520 4003 760 4075 Chronicon
778 4005 1036 4073 monosterii
1053 4002 1091 4073 S.
1108 4002 1184 4073 Mi-

88 4104 257 4177 chaelis
277 4104 326 4176 de
345 4103 565 4176 Sauoniae
579 4102 853 4197 principibus
876 4128 905 4173 c.
925 4126 960 4176 a.
984 4106 1080 4176 1230
1096 4104 1185 4174 scri-

82 4212 204 4299 ptum.
259 4205 301 4300 3)
320 4204 520 4276 filbertus
544 4204 680 4276 abhas
703 4201 942 4275 Stadensis.
996 4202 1038 4297 4)
1061 4203 1185 4279 Chro=

87 4308 191 4377 nici
216 4306 561 4400 Reppooiensis
580 4307 694 4376 versio
713 4305 856 4375 Latina.
958 4302 1001 4397 5)
1026 4303 1187 4377 Histo-
