3000 4900
280 411 532 487 HELMOLDI
557 411 800 487 CHRONICA
827 413 1094 489 SLAVORUhh
1210 417 1234 492 9

218 613 262 711 5)
281 614 616 709 Mannscriptornm
633 613 812 689 librorum
824 614 1007 712 catalano,
1021 617 1086 713 qni
1100 621 1156 690 est
1170 617 1236 689 im·

136 719 356 809 peratoriac·
383 713 617 789 bibliothecae
658 716 950 812 Vindobonensis7
981 714 1237 791 Helmoldinas

142 815 260 889 codea
276 816 421 913 quidem
438 819 633 910 inscriptus
650 840 764 915 neque
781 840 866 891 acro
884 839 1034 889 numero
1062 823 1117 891 est
1130 823 1237 892 nota·

141 923 211 992 tas.
249 917 360 1007 Qacm
378 916 510 990 libram
527 920 675 1004 frastra
691 917 876 1015 hamisque
892 919 1048 991 scrutati
1064 922 1160 990 sant.

218 1017 262 1114 6)
281 1017 466 1090 Holmoidi
484 1017 656 1113 codican,
674 1042 745 1115 qno
763 1017 943 1092 Hearicns
959 1017 1129 1091 Emistins
1147 1038 1237 1090 5353

141 1120 265 1214 faerit,
284 1118 392 1191 editio
410 1118 662 1214 Ranyertiana
679 1125 861 1192 memorat
874 1120 913 1191 ia
925 1142 1014 1214 pay.
1034 1121 1094 1193 48.

219 1219 261 1315 7)
281 1217 479 1314 Cataboqas
502 1217 737 1292 bibliothecae
762 1218 949 1316 qnondam
965 1215 1237 1292 Bordcsholmi·

143 1321 239 1392 ensis
262 1322 477 1392 mentionem
502 1321 598 1406 facit
621 1318 758 1392 codicis
780 1317 976 1391 Helmoldi.
1019 1319 1089 1409 (hei
1114 1324 1238 1391 atrum

139 1423 299 1516 perierit,
313 1445 362 1494 an
380 1421 428 1492 sit
443 1417 540 1493 idem
557 1426 665 1517 atque
682 1443 778 1492 anas
792 1417 959 1491 codicum
974 1442 1089 1512 snpra
1103 1441 1237 1492 memo·

142 1527 323 1617 retorem,
341 1523 565 1616 iynoramas.
619 1530 623 1536 '

217 1619 403 1695 Helmoldi
420 1619 471 1693 ed
479 1625 491 1694 i
501 1623 534 1694 ti
543 1646 563 1694 ο
574 1646 598 1694 5
609 1643 653 1693 es
669 1619 853 1715 bacasque
870 1622 994 1707 factae
1010 1617 1079 1693 hae
1095 1623 1199 1692 sant:

250 1721 289 1818 1)
306 1720 492 1794 Helmoldi
506 1721 614 1794 editio
623 1722 795 1814 princeps
806 1719 871 1815 (S)
873 1719 1018 1813 prodiit
1028 1722 1126 1792 caris
1135 1717 1233 1815 11159.

145 1820 357 1917 8159535551
375 1821 575 1895 Schorhelii
591 1820 717 1894 medic.
738 1821 900 1893 doctoris
913 1820 1237 1915 Naambnrqcnsis‚

145 1929 281 1994 ornata
299 1922 452 2016 epistola
466 1921 917 2017 Phihppihldanchthonis
935 1920 988 1992 ad
1005 1920 1132 1993 dacem
1145 1919 1238 1993 Stet·

144 2026 317 2096 tincnsem
333 2023 531 2096 Iohannem
548 2022 793 2117 Fredericnm,
812 2021 967 2116 Philippi
983 2021 1108 2111 fitium.
1137 2021 1239 2110 Qnae

144 2124 382 2209 Francofarti
399 2127 576 2218 impressa
601 2131 655 2196 est
679 2147 703 2195 a
721 2123 828 2195 Petro
846 2121 1055 2195 Brnbachio
1082 2145 1117 2193 a.
1141 2123 1237 2197 1556

145 2247 266 2295 mense
278 2221 438 2320 Anyasto
457 2228 495 2297 in
509 2228 544 2320 4,
563 2226 667 2312 facta
686 2223 737 2296 ad
756 2223 927 2319 codicem,
946 2224 1007 2320 qai
1025 2224 1099 2311 fnit
1114 2221 1238 2295 arohe-

145 2330 252 2418 typns
269 2324 447 2397 h'broram
465 2327 797 2418 manuscriptorum
824 2349 847 2396 a
866 2323 970 2396 nobis
987 2325 1146 2397 numeris
1166 2328 1183 2396 1
1205 2328 1242 2395 et

150 2426 183 2500 1‘
202 2431 421 2499 notatoram.
457 2427 553 2499 Hr'nc
571 2433 605 2499 et
621 2425 730 2499 editio
750 2423 873 2515 deficit
888 2427 925 2497 in
951 2424 1068 2497 verbis
1084 2421 1238 2497 Arnoldi

146 2529 183 2598 in
197 2525 220 2597 l.
234 2528 262 2597 Ι.
284 2552 312 2598 5.
329 2532 351 2603 9
367 2552 432 2601 sex
446 2528 625 2625 camelae,
641 2528 703 2624 qui
722 2551 788 2600 eas
801 2527 954 2624 ferrent,
969 2527 1115 2621 eiusque
1132 2529 1237 2614 finem

146 2630 241 2714 facit
255 2626 454 2700 Schorheh'i
478 2631 640 2719 notatio:
664 2627 821 2724 Reliqua
846 2626 884 2699 in
902 2625 1158 2724 manuscripto
1177 2650 1239 2698 co·

147 2728 228 2801 dice
247 2728 526 2823 desyderantur.
561 2729 684 2801 Editio
709 2727 800 2800 haec
825 2731 976 2820 repetita
1000 2733 1055 2799 est
1076 2751 1111 2799 a.
1143 2729 1238 2801 1573

148 2827 275 2900 eadem
293 2832 441 2924 forma3
468 2854 554 2902 nam
580 2854 664 2902 aero
691 2854 726 2901 a.
749 2830 844 2901 1572
858 2851 1005 2924 ,qaoque
1023 2850 1176 2900 eacnssa
1192 2830 1242 2900 sit
1284 2914 1297 2935 ·

147 2931 273 3015 forma
294 2932 350 3002 16.
370 2930 626 3026 oboediatur,
646 2933 721 3002 iam
740 2928 922 3001 dubitavit
935 2930 987 2999 Io.
1008 2926 1193 3000 Mallorns.

223 3028 266 3123 2)
284 3030 457 3102 Reineras
474 3032 681 3103 heineccias
694 3032 888 3123 professor
914 3031 952 3100 in
969 3027 1163 3101 academia
1176 3030 1239 3099 'In-

148 3127 201 3200 h'a
217 3129 414 3203 historiens
432 3131 616 3204 codicibus
633 3155 722 3203 5353
734 3131 925 3202 Labicensi
943 3135 978 3201 et
990 3127 1239 3224 Distdmeieri,

150 3228 194 3301 de
212 3225 341 3326 qaibas
358 3232 425 3303 sab
450 3234 608 3304 numeris
627 3236 648 3306 2
669 3235 741 3304 eth
768 3234 915 3325 eairaas,
943 3229 1061 3303 denno
1079 3229 1240 3303 Helmol·

150 3328 236 3401 darn
255 3331 384 3403 edidit:
412 3336 470 3403 cai
482 3336 625 3426 primas
643 3331 814 3404 adianait
829 3337 944 3403 totam
960 3328 1114 3403 Arnobdi
1130 3330 1241 3404 histo·

149 3434 245 3501 riam
264 3436 416 3525 eaceptis
434 3433 571 3505 ultimis
596 3436 751 3529 quiesque
776 3431 955 3524 capitalis.
1002 3431 1126 3503 Editio
1151 3430 1242 3504 haec

144 3538 297 3624 propter
314 3557 455 3605 errores
472 3533 652 3629 quosdam
678 3536 715 3605 in
732 3534 892 3605 numeris
917 3532 1162 3625 capitulorum
1187 3539 1242 3604 at·

150 3655 217 3727 qne
243 3635 280 3704 in
305 3634 491 3706 Helmoldi
518 3641 553 3706 et
575 3633 728 3707 Arnoldi
754 3634 856 3706 libris
875 3632 1119 3705 discernendis
1144 3658 1241 3705 com·

151 3735 282 3805 missos
306 3738 425 3806 minas
452 3734 658 3830 commoda
683 3734 748 3807 sed
766 3732 968 3805 Arnoldam
988 3736 1151 3827 primam
1173 3757 1241 3829 pa·

152 3832 235 3903 bh'ci
252 3837 343 3906 iaris
356 3835 526 3921 faciendo
542 3835 626 3907 bene
639 3839 781 3930 merita,
790 3832 934 3928 prodiit
945 3833 1046 3928 apud
1055 3832 1241 3907 Andream

158 3932 369 4007 Weeheh'am
386 3936 623 4023 Franoafarti
641 3959 675 4007 a.
698 3937 791 4009 1581
813 3934 878 4021 fob.

227 4034 269 4129 3)
300 4035 444 4109 Primus
475 4043 664 4133 atramque
693 4039 905 4129 scriptorem
940 4038 1036 4107 notis
1063 4058 1242 4131 perquam

153 4132 270 4207 doctis
296 4136 495 4210 illustravit
522 4138 702 4209 Hearions
727 4137 935 4230 Banaertas
968 4134 1241 4232 Waldeccensis,

152 4243 269 4308 rector
286 4236 432 4311 scholae
453 4237 624 4331 publicae
641 4238 860 4331 Lnbioensis,
888 4261 922 4308 a.
946 4237 1041 4310 1665
1063 4243 1239 4310 mortuas.
