3000 4900
173 464 419 544 HELMOLDI
438 466 680 543 CHRONICA
697 467 965 551 SLAVORUM.
991 467 1077 543 LlB.
1097 467 1122 541 Ι.
1178 471 1245 542 141

139 667 296 742 firmate
328 678 417 742 sunt
445 667 609 741 amicitie
640 668 739 740 inter
769 667 947 741 comitem
980 679 1018 742 ct
1047 665 1247 764 Niclotum,
1361 739 1365 752 ,

146 770 435 866 habueruntque
466 767 699 866 frequentius
726 768 954 866 colloquium
981 769 1135 843 Lubeke
1166 768 1248 842 sive

141 870 462 943 Travenemunde
479 891 548 967 pro
568 869 777 942 commodis
796 869 992 966 utriusque
1010 880 1123 942 terre.

221 969 379 1067 Fuitque
397 993 471 1068 pax
489 971 526 1041 in
544 980 645 1042 terra
664 969 918 1067 Wagirorum,
938 970 1159 1068 accepitque
1178 993 1248 1068 per

146 1070 307 1166 gratiam
326 1069 394 1143 Dei
420 1070 569 1142 novella
594 1071 775 1166 plantatio
795 1070 939 1143 sensim
959 1071 1247 1143 incrementum.

144 1171 283 1243 Forum
301 1194 451 1268 quoque
465 1169 675 1245 Lubicense
694 1174 893 1244 crescebat
910 1171 946 1242 in
967 1171 1138 1268 singulos
1153 1171 1247 1268 dies,

147 1281 185 1343 et
218 1275 455 1368 augebantur
478 1294 597 1344 naves
621 1271 834 1343 institorum
864 1272 958 1345 eius.
998 1272 1246 1368 Domnusque

146 1370 335 1444 Vic'elinus
356 1371 559 1469 episcopus
578 1371 743 1443 incolere
767 1371 867 1468 cepit
885 1373 1047 1444 insulam
1067 1396 1140 1470 que
1159 1371 1247 1445 dici·

144 1481 208 1544 tur
228 1472 367 1569 Bozoe,
383 1482 419 1544 et
441 1472 621 1544 habitavit
643 1475 711 1544 sub
729 1473 832 1568 fago,
857 1495 1052 1570 quousque
1076 1481 1246 1545 exstrue·

145 1582 231 1645 rent
245 1596 369 1670 casas,
383 1573 420 1644 in
436 1571 569 1669 quibus
585 1571 975 1671 consisterepossent.
1000 1573 1245 1671 Cepitautem

143 1672 220 1745 iilic
237 1672 439 1746 ecclesiam
460 1670 637 1746 edificare
655 1672 692 1745 in
706 1674 861 1746 nornine
874 1673 1023 1747 Domini
1040 1673 1127 1746 etin
1143 1697 1246 1746 corn-

144 1773 461 1847 memorationem
497 1773 596 1846 beati
636 1773 735 1848 Petri
767 1773 1023 1871 apostolorum
1055 1773 1246 1872 principis,

143 1873 258 1946 Porro
284 1874 460 1947 utensilia
488 1876 635 1972 domus,
664 1883 703 1946 et
727 1897 802 1970 que
830 1872 1049 1948 sufficerent
1069 1875 1243 1949 curandis

142 1974 463 2072 aratris,pr'ovidit
480 1974 682 2073 episcopus
701 1976 749 2046 dc
764 1974 941 2050 Cuzelina
961 1985 999 2048 et
1016 1979 1063 2048 de
1077 1976 1104 2047 F
1106 1975 1244 2048 aldera.

143 2073 250 2147 initia
272 2099 364 2147 vero
381 2073 623 2172 episcopatus
642 2085 750 2147 erant
771 2075 809 2147 in
827 2099 965 2174 magna
979 2075 1244 2172 teneritudine,

145 2197 189 2246 eo
206 2177 303 2273 quod
320 2198 449 2248 comes
469 2176 562 2248 alias
577 2175 741 2275 optimus
759 2176 939 2275 episcopo
956 2177 1024 2250 soli
1041 2177 1152 2250 fuerit
1168 2201 1244 2250 rne-

142 2275 319 2348 diocritcr
336 2280 469 2350 bonus.
920 2307 922 2316 s
1141 2333 1142 2338 ,

156 2472 160 2475 ᾖ
218 2377 279 2449 72.
305 2375 360 2447 De
373 2374 547 2449 Conrado
565 2399 658 2473 repe.
712 2378 806 2452 Cum
826 2377 898 2451 hec
916 2377 1030 2475 igitur
1043 2378 1081 2449 in
1096 2376 1244 2475 provin·

142 2478 201 2548 cia
223 2476 443 2551 Sciavorum
467 2487 704 2575 gererentur,
729 2480 808 2550 dux
823 2489 954 2551 noster
971 2484 1188 2553 morabatur
1204 2479 1242 2551 in

143 2576 296 2675 Suevia,
315 2578 506 2651 intentans
522 2578 651 2651 vitrico
668 2602 737 2652 suo
754 2580 907 2675 bellum,
927 2582 992 2652 sed
1009 2604 1082 2652 non
1098 2580 1243 2653 valens

142 2676 208 2751 lile
236 2680 336 2750 enim
363 2680 610 2752 adiuvabatur
632 2704 653 2751 a
673 2681 789 2751 fratre
815 2704 920 2778 rege,
946 2680 1125 2754 iniustum
1154 2704 1243 2754 esse

142 2778 378 2876 perhibente,
397 2803 612 2877 quenquam
631 2780 843 2878 principum
859 2784 953 2854 duos
972 2782 1113 2855 habere
1132 2784 1243 2855 duca·
1291 2790 1314 2803 ’“

140 2889 216 2952 tus.
250 2879 417 2953 Audiens
435 2879 549 2977 igitur
561 2881 785 2954 Adalbertus
805 2881 973 2955 marchio
992 2892 1030 2956 et
1049 2881 1109 2955 alii
1129 2906 1243 2980 quam

141 2980 270 3078 plures
284 2980 509 3080 principum,
520 2983 655 3053 ducem
670 2992 843 3055 nostrum
861 2982 1014 3055 minime
1025 2985 1244 3081 prosperari

141 3089 181 3151 et
196 3080 311 3154 veluti
328 3080 567 3154 interhostes
582 3084 817 3181 conclusum,
836 3083 1022 3156 miserunt
1036 3086 1080 3157 ad
1096 3107 1243 3181 regern,

141 3191 182 3252 ut
200 3181 422 3278 quantocius
442 3206 529 3254 cum
545 3183 710 3255 exercitu
729 3184 876 3258 veniret
893 3183 931 3255 in
944 3184 1161 3282 Saxoniam,
1180 3188 1243 3259 ob·

141 3304 321 3355 sessurus
335 3282 546 3356 Brunsvich
561 3293 600 3355 et
617 3307 872 3383 oppressurus
890 3285 1034 3359 amicos
1055 3285 1147 3358 eius.
1174 3287 1243 3358 Po·

138 3381 215 3454 suit
241 3406 330 3479 ergo
358 3407 425 3456 rex
452 3383 660 3456 custodiam
685 3409 756 3483 per
782 3410 935 3458 ornnem
963 3385 1161 3480 Sueviam,
1193 3411 1242 3459 ne

141 3482 239 3554 forte
278 3486 352 3555 dux
383 3484 616 3581 elaberetur,
655 3485 739 3582 ipse
769 3510 859 3559 vero
893 3487 981 3560 abiit
1016 3487 1242 3584 Goslariam,

142 3593 367 3681 accepturus
386 3584 606 3658 Brunswich
626 3595 663 3657 et
681 3587 808 3659 omnia
829 3598 950 3661 castra
971 3588 1087 3661 ducis.
1123 3588 1241 3660 Insta-

140 3687 205 3757 bat
222 3694 348 3756 autem
364 3708 472 3758 sacra
487 3685 663 3759 nativitas
678 3687 828 3761 Domini
838 3687 862 3760 ¹.
894 3688 1113 3785 intelligens
1127 3687 1242 3785 igitur
1253 3708 1332 3770 1151.

137 3786 214 3857 dux
233 3784 431 3857 consilium
454 3786 556 3882 regis
579 3786 617 3858 in
636 3788 792 3884 malum,
812 3797 851 3860 et
867 3788 1085 3862 intercisum
1106 3788 1175 3861 sibi
1190 3788 1241 3861 di·
1251 3781 1319 3841 1³⁰0·

139 3908 317 3982 gressum
333 3886 485 3982 Suevie,
499 3886 588 3958 fecit
601 3889 818 3961 denunciari
833 3889 1005 3963 omnibus
1017 3889 1148 3963 amicis
1160 3890 1239 3963 suis
1259 3858 1305 3915 ²⁵·

137 3995 217 4057 tarn
235 3985 363 4061 liberis
383 4012 496 4085 quam
515 3986 836 4087 ministerialibus,
864 4000 905 4062 ut
928 3990 1175 4064 convenirent
1193 3994 1239 4065 ad

139 4090 272 4160 urbem
303 4091 492 4185 quandam
524 4089 642 4160 acturi
669 4100 754 4161 c‘um
784 4114 828 4163 eo
851 4090 951 4163 diem
975 4092 1238 4190 sollempnem.

135 4186 241 4260 Fecit
263 4191 421 4261 verbum
444 4189 517 4263 hoc
536 4189 723 4263 diffamari
749 4202 786 4263 et
808 4192 1004 4289 personari
1026 4191 1064 4264 in
1084 4191 1237 4267 auribus

140 4302 167 4373 1)
188 4322 226 4359 ac.
246 4322 271 4360 a.
292 4306 373 4362 1151.
1055 4332 1059 4339 ·
