3000 4900
284 400 355 474 172
408 398 654 473 HELMOLDI
673 399 916 475 CllllONlCA
933 400 1202 475 SLAVORUM.
1227 402 1314 475 LlB.
1334 402 1367 475 1.

134 691 137 695 ι
190 614 269 674 1157.
282 624 417 675 cursor
432 599 580 674 libravit
596 601 713 673 ictum
728 600 766 675 in
782 610 894 699 caput
908 600 1152 700 waldemari,
1169 602 1232 677 illc
1248 601 1388 676 lortius

170 688 270 761 ΑΨ·
282 701 453 798 exiliens,
469 702 599 775 lumen
620 701 800 798 excussit,
819 712 856 773 et
876 701 1047 777 salvante
1061 704 1142 776 Deo
1160 702 1198 775 in
1214 703 1388 777 tcnobriu

281 803 434 899 clapsus
454 812 527 900 est,
554 826 629 875 uno
654 812 800 876 tanturn
824 801 982 876 vulnero
1007 804 1170 877 saucius.
1215 804 1386 902 Fugiens
1490 838 1493 957 i

280 903 395 1000 igitur
424 902 461 976 in
494 902 702 997 luthlande‚
734 902 952 975 universam
981 904 1186 977 commovit
1209 904 1386 977 [lanium.

282 1004 386 1077 Tunc
409 1002 526 1077 Suoin
553 1003 738 1075 contraxit
764 1004 969 1076 exercitum
998 1007 1045 1078 dc
1073 1004 1236 1095 Solandc
1264 1015 1302 1077 et
1328 1004 1389 1077 in·

282 1104 375 1179 sulis
391 1103 520 1200 maris,
540 1114 577 1177 ct
587 1103 845 1177 transfretavit
858 1104 894 1175 in
909 1104 1119 1202 luthlunde,
1138 1115 1177 1177 ut
1190 1116 1407 1203 expugna-'-

282 1216 339 1279 ret
354 1205 647 1279 waldemarum.
674 1206 722 1278 At
738 1203 801 1276 ille
822 1206 1000 1305 producto
1018 1204 1201 1299 exercitu,
1220 1205 1384 1279 occurrit

283 1305 318 1380 ei
344 1305 382 1379 in
410 1308 525 1377 manu
550 1305 686 1402 valida,
714 1315 751 1377 et
776 1304 1010 1385 conmissum
1036 1316 1095 1379 cst
1119 1305 1280 1403 prelium
1306 1330 1387 1379 non

209 1408 396 1503 onlonge
419 1431 440 1479 u
460 1405 651 1501 Wibergc,
677 1416 716 1477 et
737 1405 887 1479 occisus
916 1416 975 1479 cst
993 1406 1109 1480 Suein
1135 1408 1173 1479 in
1199 1408 1258 1479 dic
1282 1404 1385 1502 illa1,
1492 1462 1493 1475 .

213 1490 258 1545 ²³·
282 1518 322 1581 ct
347 1530 483 1580 omnes
510 1505 578 1577 viri
599 1505 680 1582 eius
703 1502 858 1603 pariter,
884 1516 921 1578 et
941 1506 1102 1581 obtinuit
1120 1506 1388 1581 waldemarus

1492 4307 1493 4356 l

1492 4363 1493 4416 l

1492 4423 1493 4482 l

281 1632 443 1706 regnum
462 1609 670 1702 Danorum,
697 1617 735 1679 ct
762 1605 883 1681 factus
911 1618 969 1680 cst
988 1610 1202 1680 moderator
1221 1608 1325 1707 pacis
1346 1617 1389 1679 ct

281 1707 381 1782 filius
401 1707 517 1807 pacis.
551 1708 597 1781 Et
624 1718 874 1782 cessaverunt
891 1706 1066 1782 intestina
1087 1708 1218 1805 prolia,
1246 1707 1385 1806 quibus

284 1809 410 1883 multis
438 1808 547 1882 annis
571 1808 810 1882 laboraverat
826 1807 957 1883 Dania.
997 1810 1043 1882 Et
1062 1808 1275 1907 composuit
1293 1808 1388 1881 ami·

284 1910 392 1984 citius
417 1934 504 1983 cum
530 1910 666 1983 comite
684 1908 831 2005 Adolfo,
860 1920 897 1981 et
922 1909 1121 1982 honoravit
1140 1932 1226 1983 eum
1248 1932 1387 1982 secun·

285 2012 373 2083 dum
392 2011 490 2109 quod
508 2034 622 2107 reges
642 2011 813 2083 fecerant
831 2009 891 2106 qui
912 2020 1000 2082 ante
1020 2033 1107 2082 eum
1127 2011 1287 2085 fuerant.

359 2113 420 2185 85.
446 2110 500 2182 De
513 2108 741 2199 edificatione
754 2110 966 2183 Lewenstut.
1019 2112 1059 2183 ln
1076 2111 1206 2185 dicbus
1223 2110 1296 2183 illis
1313 2110 1387 2182 Lu·

284 2211 448 2286 biccnsis
478 2210 609 2284 civitas
632 2222 858 2307 consumpta
880 2221 940 2285 ast
956 2210 1165 2285 incendi02.
1207 2213 1253 2285 Et
1271 2210 1385 2283 miso·

284 2323 371 2385 runt
388 2311 581 2385 institores
601 2323 638 2384 at
654 2312 769 2385 ceteri
788 2312 1020 2385 habitatores
1040 2311 1141 2385 urbis
1166 2315 1210 2384 ad
1234 2315 1388 2407 ducem,

167 2431 177 2452 ··
284 2414 474 2487 dicantes:
500 2411 573 2485 Diu
595 2419 660 2509 est,
679 2436 723 2485 eu
738 2435 811 2511 quo
830 2412 1018 2486 inhibitum
1036 2415 1233 2500 enisurum
1250 2410 1388 2485 Lubilte

285 2516 509 2588 auctoritato
531 2508 703 2587 iussionis
728 2520 855 2586 oestro.
894 2513 972 2586 Nos
991 2521 1113 2586 autem
1129 2513 1305 2586 hactenus
1323 2510 1387 2584 dr·

174 2646 178 2651 ”
286 2619 374 2689 tenti
404 2636 531 2687 sunaus
556 2616 594 2688 in
619 2617 765 2688 ciuitate
790 2613 861 2686 tac
888 2639 950 2707 cpe
977 2612 1219 2708 recuperandi
1243 2615 1320 2702 ‘sori
1346 2614 1386 2686 in

286 2707 510 2810 beneplacito
527 2717 647 2811 qratia
659 2722 788 2811 vestre,
806 2713 871 2787 sed
884 2739 949 2787 nec
964 2713 1107 2804 edificio
1121 2721 1253 2787 nostra
1266 2712 1383 2796 multo

285 2823 433 2911 sumptu
452 2815 645 2888 elaborato
662 2839 730 2888 noo
749 2815 851 2887 ubire
869 2815 1044 2888 sinedunt.
1077 2815 1183 2888 Nunc
1200 2838 1285 2887 vcro
1299 2837 1387 2887 con·

284 2920 440 3011 sumptis
457 2914 638 3012 domitur,
656 2939 924 3011 superuacuum
943 2922 997 2988 est
1011 2914 1222 3006 reedificare
1236 2917 1274 2988 in
1288 2913 1386 3008 loco,

285 3019 348 3090 udi
373 3042 447 3091 non
470 3020 605 3090 sinitur
629 3041 706 3090 esso
729 3019 866 3105 sorum.
911 3016 971 3088 Da
995 3018 1106 3112 initur
1130 3016 1235 3088 nodis
1261 3015 1386 3090 locum

167 3137 170 3141 ’
286 3116 521 3191 construendi
538 3121 722 3196 ciuitatem
736 3119 774 3190 in
792 3117 875 3190 loco
889 3119 950 3214 qui
965 3117 1030 3190 tibi
1038 3117 1233 3211 placuerit.
1262 3116 1385 3212 Roga·

287 3218 338 3292 vit
355 3217 470 3316 igitur
488 3220 561 3291 dux
589 3217 766 3290 comitem
785 3218 972 3314 Arlolfurn,
1002 3229 1041 3290 ut
1058 3219 1296 3315 permitteret
1314 3215 1386 3290 sibi

285 3329 435 3417 portum
455 3330 493 3392 cl
511 3318 674 3391 insulam
692 3318 847 3392 Lubike.
890 3318 997 3407 Quod
1021 3318 1081 3391 ille
1101 3319 1227 3392 fucore
1254 3316 1386 3390 noluit.

285 3420 390 3492 Tunc
415 3417 602 3493 edificavit
626 3421 700 3492 dux
727 3419 918 3493 civitatem
944 3443 1081 3492 novam
1108 3443 1225 3516 super
1241 3415 1386 3492 llumen

285 3519 516 3594 Wochonicc
531 3545 605 3593 non
624 3521 738 3618 longe
759 3518 961 3594 aLubikc³
975 3520 1012 3592 in
1031 3530 1131 3593 terra
1151 3521 1386 3632 Racesburg,

286 3621 460 3722 cepitque
482 3620 656 3695 edificare
676 3631 713 3696 et
731 3619 977 3694 communire.
1012 3622 1058 3694 Et
1076 3619 1280 3719 appellavit
1299 3619 1388 3693 civr-

285 3733 402 3796 tatom
419 3725 465 3796 de
480 3747 550 3796 suo
565 3721 717 3796 nomine
731 3722 969 3818 Lcwenstad,
986 3724 1084 3820 quod
1103 3719 1392 3796 diciturLeoniu

285 3821 451 3897 civitast.
484 3823 559 3898 Sed
578 3823 788 3896 cum-locus
808 3823 870 3895 illc
890 3823 1013 3895 minus
1034 3832 1139 3896 osset
1156 3824 1328 3916 ydoneus
1348 3830 1388 3895 ct

285 4024 311 4094 1)
331 4042 368 4079 sc.
390 4023 469 4078 1157.
483 4021 588 4077 <Octob.
608 4023 653 4086 23,
672 4040 698 4078 v.
717 4021 820 4078 Hister.
840 4033 911 4094 gunt.
932 4022 1034 4078 Danor.
1054 4023 1080 4076 lr.
1100 4041 1136 4085 a..
1155 4018 1265 4076 Necrol.
1286 4019 1387 4086 Lund„

283 4098 357 4153 Anu.
376 4095 553 4166 Magdeburg.
574 4114 599 4150 a.
621 4095 701 4150 1157.
775 4093 803 4162 2)
823 4115 847 4151 a.
865 4095 946 4150 1157.
962 4098 989 4149 in
1007 4106 1146 4150 autumno.
1221 4095 1250 4162 3)
1270 4093 1312 4148 Dc
1332 4095 1386 4148 ritu

285 4169 320 4224 cl.
339 4187 419 4242 cupra
438 4188 462 4225 r.
478 4169 521 4222 57:
595 4169 623 4239 4)
637 4169 684 4226 ubi
701 4187 773 4224 nunc
787 4167 965 4240 Herranburg
981 4169 1053 4223 iuxta
1073 4169 1188 4223 rivulum
1207 4166 1387 4238 Hertoghcn-

284 4243 362 4309 bele,
383 4244 429 4315 qui
448 4241 624 4297 Walcnilzao
643 4244 669 4296 n.
690 4242 853 4298 infunditur.
