3000 4900
168 439 413 514 HELMOLDI
434 439 676 516 CHRONICA
695 438 962 514 SLAVORUM.
990 440 1077 514 LIB.
1096 443 1120 514 1.
1175 445 1223 518 65

115 664 268 736 puram,
295 648 485 736 ceteraque
510 639 562 712 ad
581 634 840 714 ¹investituram
866 641 1090 734 imperialem
1111 646 1316 736 perti-1198.

118 745 256 837 nentia,
270 740 344 830 flio
360 747 423 814 tuo
440 739 648 828 deferenda.
682 741 747 812 1110
763 752 1033 838 percunctante
1047 743 1224 816 deiectio·

120 841 205 914 nis¹
223 865 293 915 sue
309 842 471 939 culpam,
486 844 763 938 responderunt
776 842 964 915 dicentes:
992 842 1089 931 Quid
1101 847 1222 940 queris

122 967 167 1015 ca
177 999 188 1038 ,
215 965 282 1038 quc
308 946 442 1036 optime
468 943 588 1014 nosti?
639 941 836 1014 Meministi
867 942 1025 1038 qualiter
1051 947 1221 1018 uniuersa

122 1043 275 1115 ecclesia
290 1047 343 1115 tui
360 1067 477 1116 causa
494 1046 654 1115 marimo
671 1043 855 1115 scismatis
870 1066 994 1115 errore
1008 1043 1132 1117 multis
1145 1048 1221 1118 ium

118 1147 228 1216 annis
241 1143 494 1216 laboraverit!
508 1143 665 1241 qualiter
680 1147 923 1238 episcopatus,
939 1144 1122 1241 abbatius,
1137 1171 1220 1240 prc-

120 1253 221 1318 tercu
241 1248 364 1318 omniu
387 1245 532 1318 ecclesie
550 1247 727 1342 reqimina
745 1247 867 1330 fecisti
884 1244 1040 1340 uenalia,
1066 1270 1131 1318 nec
1148 1249 1223 1332 fuit

118 1349 159 1417 in
174 1345 435 1440 constituendis
450 1348 627 1440 episcopis
641 1344 719 1417 ulla
733 1344 889 1439 leqitime
902 1344 1087 1417 electionis
1100 1346 1220 1432 facul·

118 1453 192 1540 tus,
216 1445 281 1518 sed
306 1439 388 1518 solo
411 1447 560 1541 pecunie
587 1446 709 1518 ratio?
752 1446 825 1518 Pro
850 1444 906 1518 lris
924 1452 960 1517 et
985 1445 1069 1518 aliis
1095 1451 1219 1520 causis

117 1550 246 1620 sancit
262 1550 469 1619 auctoritas
487 1546 706 1641 apostolico,
727 1548 892 1643 favitque
902 1549 1110 1640 principum
1128 1551 1219 1620 una·

116 1651 280 1743 nimitas,
309 1655 342 1719 tc
366 1671 440 1721 non
464 1647 583 1720 salum
611 1671 734 1742 reqno,
761 1671 885 1718 oerum
911 1653 947 1718 et
972 1646 1218 1722 ecclesiastica

116 1752 370 1821 communione
380 1747 612 1842 privandum.
639 1749 721 1835 Quo
742 1759 871 1820 contra
888 1771 954 1819 rex
971 1748 1039 1820 ait:
1074 1747 1217 1844 Dicitis,

117 1852 206 1944 qnia
215 1849 426 1943 spirituales
437 1847 633 1943 diqnitates
644 1850 770 1942 precio
787 1846 1055 1921 vendiderimus
1061 1877 1076 1942 ,·
1094 1855 1217 1921 vestra

116 1947 263 2045 quidem
279 1956 445 2044 potestas
466 1957 530 2046 est,
551 1949 623 2021 tale
641 1948 746 2021 nobis
766 1952 901 2021 crimen
918 1951 1111 2045 inpinqere.
1147 1949 1216 2022 Dic

115 2053 241 2144 iqitur,
268 2050 530 2146 aMoqontine,
558 2049 617 2122 dic
641 2049 837 2121 adiuratus
861 2073 930 2143 per
954 2073 1086 2122 nomen
1103 2053 1216 2122 eterni
1294 2118 1298 2123 ,

115 2149 194 2246 Dei,
214 2149 302 2247 quid
320 2154 511 2247 ecepimus,
531 2159 599 2223 aut
614 2154 825 2246 recepimus,
844 2148 993 2246 quaudo
1012 2157 1046 2222 tc
1062 2148 1214 2246 Moqun-

116 2255 165 2322 tie
177 2253 421 2344 prefecimus?
457 2253 507 2324 Tu
525 2274 676 2348 quoque,
697 2250 931 2346 Coloniensis,
955 2275 1023 2344 per
1045 2249 1152 2339 fidem
1181 2259 1214 2324 tc

116 2359 377 2449 contestamur,
403 2351 491 2448 quid
514 2352 618 2425 nobis
641 2350 775 2424 dedisti
793 2375 865 2444 pro
883 2350 978 2447 sede,
1006 2354 1066 2422 eui
1082 2359 1213 2424 nostru

114 2457 361 2543 munificentia
388 2453 576 2548 presides?
619 2454 692 2525 Illis
719 2455 942 2547 fatentibuS,
970 2453 1020 2523 nil
1052 2455 1213 2549 pecunie
1249 2544 1253 2551 ι

113 2555 224 2628 huius
251 2555 304 2627 rei
331 2555 448 2651 gratia
469 2565 533 2627 aut
552 2555 715 2626 oblatum
744 2563 809 2624 out
827 2554 1039 2651 acceptum,
1058 2576 1125 2624 rex
1144 2555 1212 2626 ait:

119 2655 245 2728 Gloria
272 2654 361 2752 Deo,
388 2658 475 2753 quia
501 2655 556 2728 nel
580 2658 617 2727 in
644 2654 715 2725 linc
732 2660 844 2747 parte
861 2653 984 2742 fideles
1001 2656 1135 2725 inuenti
1151 2677 1212 2726 su·

112 2780 205 2829 mus.
251 2757 351 2830 Certe
370 2756 564 2852 diqnitates
580 2755 642 2828 hee
666 2754 735 2827 due
749 2756 1043 2849 prestantissime
1065 2761 1153 2826 sunt
1178 2763 1214 2828 et

111 2865 459 2953 maqnumqucstum
469 2864 740 2929 camerenostre
750 2858 887 2953 referre
891 2861 1076 2949 poterant.
1091 2855 1210 2928 Porro

110 2957 269 3030 domnus
302 2958 586 3053 Wormatiensis,
612 2956 732 3053 qualis
759 2980 783 3027 a
800 2956 906 3028 nobis
929 2961 1130 3050 susceptus,
1159 2955 1212 3027 ad

109 3056 199 3153 quid
223 3066 426 3154 promotus,
452 3062 485 3131 si
505 3062 643 3153 pietate
666 3056 721 3129 vel
746 3064 875 3152 questu
903 3080 991 3151 erqa
1016 3058 1135 3152 ipsum
1153 3057 1211 3128 usi

110 3162 309 3255 fuerimus,
329 3184 393 3232 nec
410 3183 475 3232 vos
493 3184 557 3231 nec
575 3163 693 3253 ipsum
711 3156 811 3230 latet.
853 3156 1080 3252 Condiqnam
1097 3158 1210 3251 iqitur

111 3260 290 3349 benefieiis
313 3264 449 3333 nostris
473 3259 669 3353 rependitis
694 3258 882 3354 qratiam?
921 3256 1057 3352 Nolite,
1085 3280 1208 3353 queso,
1296 3281 1299 3288 ’

111 3364 209 3449 effici
223 3364 426 3454 participes
447 3384 583 3456 eorum,
610 3363 672 3456 qui
695 3360 907 3432 iuraverunt
930 3380 1062 3429 manus
1081 3356 1209 3430 adoer-

104 3485 174 3533 sus
201 3460 388 3535 dominum
413 3468 449 3534 et
471 3486 590 3557 reqem
614 3483 721 3533 suum
747 3467 784 3531 et
811 3460 1078 3531 temeraverunt
1101 3456 1209 3546 fidem

109 3569 147 3634 et
171 3554 461 3636 iuramentorum
487 3567 732 3634 sacramento.
786 3560 880 3632 Ecce
906 3560 984 3632 iani
1010 3558 1209 3645 defecimus

102 3686 312 3760 parumque
337 3663 441 3735 nobis
465 3666 519 3735 vie
544 3668 663 3735 restat
684 3664 784 3735 senio
810 3668 845 3733 et
861 3661 988 3733 labore
1015 3663 1209 3746 confectis:
1258 3696 1262 3703 ·

19 3842 24 3851 ,
106 3760 284 3837 sustinete
308 3763 494 3837 modicum
512 3770 548 3836 et
563 3764 675 3836 nolite
700 3762 860 3858 qloriam
885 3769 1053 3834 nostram
1080 3763 1208 3847 confu-

105 3868 211 3938 sione
234 3866 438 3939 terminare.
484 3863 526 3936 Si
552 3872 674 3937 autem
697 3863 803 3936 nobis
830 3861 1027 3936 cedendum
1060 3864 1207 3934 omnino

106 3990 184 4039 esse
203 3966 335 4063 dicitis,
363 3974 399 4038 et.
414 3972 539 4039 munet
554 3962 630 4054 faa
647 3967 837 4060 sententia,
856 3966 1086 4059 prefiquntnr
1102 3960 1209 4034 indu·
1302 3966 1305 3969 ”

106 4070 173 4163 cic,
191 4074 382 4141 statuatur
400 4066 477 4140 dics
489 4066 623 4160 placiti
631 4096 645 4161 ,·
664 4070 696 4139 si
715 4068 820 4137 curia
834 4063 1113 4159 adiudieaoerit,
1132 4063 1207 4151 filio

105 4202 132 4269 1)
154 4202 210 4259 Cir.
230 4221 310 4275 supro
332 4222 389 4276 cop.
410 4206 435 4259 7.
457 4224 482 4276 p.
501 4205 547 4259 25.
568 4213 622 4258 not.
643 4202 670 4258 3.
