3000 4900
25 1599 28 1678 1

25 1765 38 1838 ff

25 1943 26 1948 κ
36 1902 42 1961 l

107 1841 351 1972 Heliconis,
371 1882 473 1952 enias
492 1879 671 1953 chronicis
686 1853 853 1973 Slaaicis²
872 1903 965 1976 qnae
983 1877 1028 1952 ele
1043 1881 1197 1954 historia

25 1991 29 2082 }
107 1980 294 2071 reqionum
311 1978 651 2075 Narelalbinyarnm
677 2006 700 2053 a
714 1980 863 2074 papalis
881 1980 1037 2053 Slaaicis
1049 1985 1197 2074 palissi-

25 2083 26 2098 ³
106 2101 204 2148 mam
221 2078 508 2152 inhabilalarnm
525 2081 609 2152 incle
628 2082 675 2153 ab
694 2106 727 2153 a.
742 2083 838 2155 1066
856 2105 968 2177 usqne
987 2079 1086 2154 aaa.
1100 2087 1193 2156 1171

107 2177 275 2250 debemus
288 2183 488 2253 mammam
497 2189 654 2278 partem,
669 2185 705 2253 in
715 2183 842 2274 pilare
855 2181 1077 2254 saecnliXH.
1089 2190 1196 2276 parte

25 2269 28 2288 '
105 2276 246 2349 videtne
263 2286 371 2352 naias
390 2307 476 2354 esse.
509 2282 634 2354 Uirum
653 2307 696 2354 ec
704 2280 877 2354 Halsalia
891 2285 1004 2368 faerit
1019 2283 1198 2355 erlandus

106 2403 225 2475 necne,
243 2378 345 2451 hand
364 2389 506 2455 consini
522 2383 636 2455 nabis.
665 2383 806 2455 Etenim
822 2381 1018 2454 Geralclnm
1034 2384 1198 2456 Heinrici

25 2472 35 2527 l
106 2479 210 2551 elncis
235 2481 476 2579 capellanum,
505 2486 720 2579 mayislrnm
744 2481 891 2554 schalae
914 2483 1197 2556 Bennsmicensis
1318 2548 1321 2554 .

27 2643 28 2649 ,
106 2588 141 2652 ei
165 2580 324 2652 eiusdem
346 2585 446 2656 urbis
474 2588 701 2679 canonicam,
734 2581 886 2655 Vicelina
912 2582 1198 2679 Alelenbnrqensi
1286 2581 1294 2593 ”

29 2973 38 3058 ‚l

106 2683 275 2773 episcopa
294 2706 328 2754 a.
349 2686 444 2757 1154
463 2684 498 2756 el.
519 2688 649 2757 mensis
667 2684 874 2755 Decembris
889 2686 950 2757 12.
970 2690 1127 2780 marina,
1147 2682 1198 2757 ad

104 2780 433 2884 Alelenbnraensem
451 2784 638 2858 eeclesiam
665 2782 862 2878 reyendam
886 2792 1067 2881 vocalem,
1091 2808 1199 2858 snam

98 2889 375 2974 praeceptorem
392 2888 507 2972 fnisse
524 2888 600 2981 ipse
617 2908 699 2957 cnm
717 2887 865 2979 referat,
885 2886 1199 2980 anchnnsmiyae

104 2986 142 3054 in
161 2985 336 3055 viciniam
354 2986 430 3057 eins
446 2984 574 3058 nalum
592 3010 672 3057 enm
691 2993 725 3057 el
740 2988 778 3056 in
794 2984 921 3056 schola
934 2985 1200 3058 Bremsmieensi

105 3081 307 3179 cendilnm,
337 3093 427 3178 past
453 3087 501 3158 ab
527 3087 698 3181 Heinriea
733 3084 824 3157 dnee
857 3083 908 3156 ael
940 3084 1199 3159 convertendas

105 3183 241 3256 Slaaos
256 3186 542 3259 Transalbianas
560 3188 597 3258 in
617 3186 803 3281 Wayriam
821 3209 897 3258 esse
914 3189 1065 3259 missam
1082 3210 1198 3279 appa·

105 3291 170 3379 rel,
190 3292 260 3357 ant
274 3286 317 3358 ea
334 3290 416 3379 ipsa
428 3288 601 3360 Halsalia
620 3285 817 3359 oriundam
833 3286 997 3358 schalam
1015 3287 1198 3359 Bransmi·

105 3410 248 3457 censem
265 3386 411 3459 adiisse.
449 3390 547 3460 Certe
561 3391 703 3482 primas
720 3390 815 3458 vitm
833 3410 950 3458 annas
970 3390 1008 3458 in
1024 3387 1199 3459 Halsaiia

41 3480 47 3510 ‘
106 3474 318 3580 definiisse
337 3491 429 3559 enim
447 3492 570 3583 referi,
597 3491 634 3560 in
651 3487 744 3581 laea,
775 3489 837 3582 qm'
853 3485 1022 3559 Nezenna
1040 3485 1198 3583 dicatae,

29 3578 37 3601 '
105 3585 240 3658 vidisse
265 3610 304 3659 se
328 3586 648 3683 adolescentulum,
673 3612 696 3658 a
721 3593 842 3658 manle
870 3586 1033 3659 Oillserelc
1052 3589 1200 3681 prospi-

106 3689 268 3782 cientem⁷
286 3687 528 3773 fundamenta
547 3690 701 3759 aratorii
719 3694 753 3758 el
769 3689 975 3759 caminatae
993 3713 1017 3760 a
1041 3687 1200 3782 Waqone

107 3790 277 3879 episcopa
295 3787 581 3884 Alelenbnryensi
599 3794 785 3860 canslrncl
811 3844 818 3858 .

181 3887 225 3958 In
250 3887 435 3982 Wayriam
452 3889 569 3961 rellan
593 3890 716 3975 facins
742 3886 798 3959 vel
823 3886 966 3959 advena
983 3885 1202 3959 Helmalelns

107 3984 322 4061 adolescens
347 3989 490 4062 videtne
515 3993 553 4061 in
578 3988 797 4060 Falderense
823 3987 898 4083 (ael
916 3987 1202 4060 Navamanasle·

106 4087 244 4183 rimisa)
263 4092 522 4162 monasterinm
545 4092 759 4183 recessisse*
771 4091 846 4175 fnit
868 4091 962 4161 enim
988 4090 1065 4160 eins
1083 4086 1201 4182 panlo

101 4194 194 4277 pasl
215 4187 357 4261 l'icelini
374 4196 549 4285 martcm5
576 4188 615 4261 iel
640 4188 740 4286 qnod
766 4189 1025 4283 comprobatur
1046 4192 1157 4261 eliam
1178 4213 1204 4261 a
1231 4259 1234 4263 ,

108 4285 268 4385 Sydane,
286 4312 321 4364 a.
342 4294 436 4367 1197
454 4292 517 4387 qni
534 4292 608 4377 fnit
619 4288 850 4363 Falderensis
866 4290 1080 4363 manasterii
1091 4312 1203 4383 prae·
