3000 4900
267 440 321 513 aa
374 435 619 510 nnunouur
639 399 880 511 cneorum
899 434 1168 509 smvonuu.
1195 432 1282 506 ure.
1303 433 1328 506 1.

268 632 538 734 gubernacula,
559 661 631 734 que
651 637 752 734 regis
768 635 931 710 Heinrici
952 633 1110 734 pueritia
1130 658 1204 707 non
1222 635 1371 707 modice

266 736 454 817 dissoluta
473 737 633 832 fuerant,
653 737 735 835 ipso
756 737 930 810 adolente
951 760 1025 808 non
1044 735 1170 808 minus
1189 735 1371 808 invenere
1490 734 1491 737 ’

267 836 435 935 periculi.
485 837 618 911 Statim
648 839 747 910 enirn
774 849 814 910 ut
842 839 962 910 factus
992 846 1051 910 est
1077 835 1134 908 vir
1161 847 1199 909 et
1223 837 1371 910 sublato

269 935 491 1035 pedagogo¹
512 938 651 1010 suimet
670 962 827 1036 compos
844 937 1005 1012 effectus
1021 947 1092 1033 est,
1112 961 1265 1009 omnem
1279 960 1373 1034 gen·

267 1049 348 1110 tem
367 1038 559 1111 Saxonum
579 1041 757 1112 atrociter
775 1039 953 1137 persequi
972 1038 1081 1136 cepit.
1118 1039 1288 1135 Denique
1308 1038 1372 1112 Ot-

271 1137 348 1210 toni
376 1141 551 1212 ducatum
578 1139 757 1235 Bavarie,
785 1140 870 1236 quia
899 1139 998 1213 Saxo
1028 1149 1127 1234 erat,
1155 1139 1306 1212 abstulit
1334 1149 1373 1211 et

271 1237 445 1336 Welponi
473 1239 607 1312 dedit2.
652 1241 742 1314 Post
769 1241 842 1314 hec
869 1242 913 1312 ad
941 1239 1228 1337 depressionem
1256 1239 1370 1312 totius

267 1339 433 1412 Saxonis
453 1339 489 1411 in
509 1341 659 1414 Hartico
679 1341 775 1414 clivo
796 1351 962 1414 castrum
980 1337 1253 1437 firmissimum,
1273 1344 1372 1438 quod

271 1439 405 1513 dicitur
432 1441 690 1539 Hartesberg,
728 1439 957 1514 collocaviti.
1003 1441 1259 1529 Quamobrem
1287 1440 1372 1513 irati

270 1539 462 1614 Saxonum
485 1542 673 1640 principes
694 1541 786 1615 etin
807 1567 923 1614 unum
951 1542 1176 1638 conglobati,
1203 1552 1372 1614 castrum

266 1643 369 1739 quod
388 1641 480 1739 ipsis
500 1652 656 1742 propter
673 1643 803 1740 iugum
824 1643 987 1741 positum
1011 1644 1147 1737 fuerat,
1175 1645 1220 1714 ad
1247 1643 1372 1715 solum

267 1739 496 1815 diruerunt⁴.
529 1743 573 1816 Et
591 1742 777 1817 obfirmati
798 1754 885 1816 sunt
903 1743 1017 1815 animi
1033 1743 1225 1817 Saxonum
1240 1745 1372 1816 adver·

269 1866 338 1916 sus
357 1866 506 1940 regem3
528 1845 755 1943 fueruntque
775 1845 831 1916 eis
850 1844 1039 1943 principes
1059 1843 1202 1917 Wicelo
1221 1845 1373 1940 Magde·

269 1943 493 2040 burgensis,
520 1944 644 2019 Bucco
672 1945 1003 2019 Halverstadensis
1033 1945 1256 2042 episcopus,
1283 1945 1372 2017 Otto

271 2045 358 2140 dux,
377 2044 537 2141 Magnus
557 2049 643 2141 dux,
663 2048 740 2121 Udo
762 2046 929 2118 nrarcbio
946 2055 984 2118 et
997 2044 1058 2117 alii
1073 2045 1178 2117 multi
1194 2043 1373 2118 nobilesl.

266 2144 327 2215 Ad
342 2169 500 2242 quorum
516 2147 712 2219 audaciam
726 2149 1005 2220 obtundendam
1019 2169 1085 2218 rex
1100 2145 1275 2218 celeriter
1285 2169 1371 2219 cum

268 2245 440 2317 exercitu
459 2246 573 2341 venit,
592 2247 766 2320 adiuncto
786 2247 855 2320 sibi
870 2247 1081 2321 Suevorum
1102 2249 1196 2318 duce
1210 2246 1370 2318 Rodulfo

269 2345 475 2444 multisque
508 2349 616 2445 regni
647 2348 889 2446 principibus.
942 2347 1015 2420 Sed
1048 2357 1086 2419 et
1117 2347 1287 2421 Saxones
1321 2346 1373 2420 nil

268 2447 406 2520 morati
427 2446 580 2522 viriliter
594 2461 839 2523 occurrerunt
853 2449 888 2521 in
903 2448 1077 2548 prelium,
1097 2459 1373 2521 convenerunt-

266 2572 343 2646 que
363 2548 550 2623 exercitus
570 2550 671 2623 iuxta
690 2548 832 2623 flumen
852 2547 1068 2623 Unstrotlrl.
1107 2553 1277 2648 Cumque
1295 2573 1372 2622 non

268 2649 384 2746 longe
407 2654 560 2723 abesset
582 2674 725 2750 pugna⁷
753 2652 892 2723 facturn
917 2660 1041 2724 estex
1061 2650 1217 2723 consilio
1238 2651 1373 2723 utrius·

267 2774 345 2844 que
370 2750 501 2848 partis‚
529 2761 569 2823 ut
594 2753 811 2823 laudaretur
837 2751 933 2850 pax⁷
959 2775 1081 2848 usque
1101 2761 1188 2848 post
1206 2751 1371 2846 biduum,

271 2861 469 2947 sperantes
489 2852 627 2925 bellum
647 2876 741 2950 pace
761 2852 875 2951 sopiri
885 2850 911 2922 ⁸.
954 2850 1126 2925 Saxones
1146 2851 1258 2947 igitur
1276 2876 1370 2951 pace

265 2950 462 3047 delectari,
490 2952 616 3025 statim
647 2964 832 3026 exuerunt
858 2977 901 3025 se
930 2952 1045 3025 armis
1074 2962 1111 3024 et
1137 2952 1263 3025 diffusi
1282 2962 1373 3025 sunt

268 3075 340 3149 per
357 3052 590 3125 latitudinem
611 3054 747 3152 campi7
767 3053 930 3152 figentes
951 3063 1074 3126 castra
1093 3063 1131 3124 et
1146 3077 1275 3126 curam
1290 3076 1371 3125 cor-

271 3151 372 3249 poris
389 3163 632 3250 exequentes.
660 3154 767 3229 Circa
782 3155 916 3227 horam
932 3153 1005 3226 diei
1019 3152 1179 3225 nonarn⁹
1198 3153 1369 3227 videntes

163 3248 170 3261 '
268 3252 531 3350 speculatores
560 3254 662 3351 regis
691 3254 863 3328 Saxones
896 3254 1078 3329 remissos
1112 3265 1149 3326 et
1175 3254 1369 3353 dispersos

273 3406 297 3475 1)
321 3409 466 3478 peduqopo.
505 3406 651 3477 Indigitare
671 3408 715 3463 hic
733 3409 840 3463 ridetur
859 3404 1036 3462 Adalberturn
1057 3408 1303 3479 archiepiscopum,
1323 3410 1370 3479 qui

265 3489 393 3533 mortuus
419 3489 477 3534 erat
502 3498 572 3534 anno
603 3482 681 3536 1072.
774 3482 801 3550 2)
830 3482 920 3537 Ollom'
942 3481 988 3552 (sc.
1009 3483 1043 3534 de
1061 3477 1221 3551 Nordbeim)
1241 3520 1268 3536 ..
1288 3483 1370 3536 dedit.

268 3550 331 3623 ,lpsa
353 3554 408 3607 lere
428 3553 509 3607 rerba
530 3572 562 3607 ex
581 3553 653 3611 Ann.
674 3553 702 3609 S.
723 3553 848 3609 Disibodi
868 3572 893 3607 a.
916 3554 996 3607 1074.
1085 3554 1113 3621 3)
1133 3554 1214 3608 situm
1235 3563 1298 3607 ante
1316 3553 1371 3607 sil-

271 3642 345 3691 vam,
373 3625 470 3679 dictam
492 3626 746 3691 Schimmerwalde,
773 3628 875 3682 distans
901 3645 955 3682 uno
975 3626 1073 3681 miliari
1093 3628 1126 3681 ab
1147 3628 1215 3683 urbe
1235 3626 1369 3682 Goslarie.

272 3696 305 3752 V.
331 3696 482 3753 Wedclrind
513 3698 617 3764 Noton,
643 3698 676 3755 T.
697 3700 717 3755 l.
738 3700 932 3772 pag.2401q.
957 3711 984 3755 et
1011 3699 1103 3754 Delius
1130 3698 1370 3771 Untersucbungen

259 3772 317 3835 db.
334 3774 361 3827 d.
380 3771 524 3843 Hurzburg
543 3792 568 3844 p.
589 3773 624 3828 98
643 3792 702 3847 sqq.
792 3774 819 3845 4)
845 3772 1001 3830 Ellelum.
1022 3791 1045 3827 a.
1070 3772 1154 3827 1⁰73:
1179 3776 1304 3830 Saxones

261 3849 438 3915 ¹pruen'ptnun
453 3848 518 3903 illud
532 3853 655 3917 castrum,
671 3850 741 3919 qnod
756 3848 924 3917 Hurcesdurq
939 3849 1084 3918 dicebatur,
1105 3849 1235 3904 diruunt.
1247 3886 1274 3902 ..
1289 3849 1371 3901 malta

260 3917 389 3987 furentes
414 3922 543 3983 audacia,
569 3925 721 3975 solotenus
741 3924 874 3977 dantum.
975 3921 1002 3989 5)
1024 3918 1139 3979 Eosdem
1161 3921 1255 3974 eodem
1274 3919 1371 3973 ordine

271 4000 431 4045 enumerant
460 3994 532 4047 Anu.
561 3992 589 4048 S.
614 3992 736 4047 Disibodi
762 4011 786 4048 a.
813 3993 892 4047 1075.
996 3993 1022 4064 6)
1054 3993 1134 4049 1975.
1160 3992 1220 4047 lun.
1245 3994 1272 4045 9.
1298 3993 1370 4048 iuter

267 4062 440 4134 Hobenburg
459 4083 543 4136 prope
563 4064 742 4136 lunqeusslzx
763 4076 790 4121 et
808 4065 974 4135 thelstidt.
1047 4066 1095 4137 n
1120 4067 1244 4123 suanm
1267 4082 1368 4138 pacem,

267 4135 385 4201 Friedon
405 4138 529 4208 geloben.
571 4138 600 4195 V.
620 4140 689 4193 inlr·
710 4159 769 4211 usp.
789 4141 833 4195 5⁰.
852 4139 898 4195 83.
918 4140 952 4193 91
975 4141 1011 4202 l.;
1030 4140 1049 4194 l.
1071 4138 1104 4205 ll,
1128 4138 1170 4195 ¹3.
1259 4138 1287 4208 8)
1307 4137 1370 4193 Hoc

265 4209 440 4265 armistitium
467 4213 562 4266 initum
589 4230 648 4267 esse
674 4218 744 4285 apud
772 4211 960 4284 Negilstedcu,
990 4223 1113 4268 asserunt
1139 4213 1219 4268 etiarn
1246 4210 1368 4267 Annales

273 4280 438 4348 Palldenses,
458 4288 505 4340 sed
525 4287 559 4339 ad
580 4305 602 4342 a.
624 4286 703 4343 1068.
779 4286 805 4357 9)
829 4286 908 4341 tritt.
928 4284 987 4343 lun.
1007 4287 1034 4341 9.
