3000 4900
271 469 319 540 74
372 465 618 541 subnoto}
637 467 878 543 CHRONICA
898 466 1167 542 SLAVORUM.
1193 465 1281 541 LlB.
1296 467 1321 540 1.

178 665 434 764 1ooa.gladii¹.'
463 667 507 740 Et
532 668 630 740 lacta
659 677 718 742 est
736 668 891 742 victoria
918 667 980 742 illa
1000 667 1192 743 Saxonum
1212 668 1373 742 celebris

272 766 592 841 et'recordatione
615 762 752 866 digna,
790 793 834 842 eo
863 772 960 866 quod
995 769 1155 842 adluerit
1189 769 1372 843 Dominus

271 869 510 942 credentibus
546 868 583 941 in
620 893 662 943 se
699 879 737 942 et
767 870 995 943 concluserit
1026 870 1303 943 multitudinem
1335 869 1371 942 in

270 987 383 1042 manu
405 984 622 1067 paucorum.
659 970 841 1043 Referunt
860 969 911 1044 hii
930 994 1090 1069 quorum
1111 981 1239 1069 patres
1259 970 1372 1044 inter·

269 1070 433 1162 fuerunt,
450 1069 534 1167 quia
553 1070 644 1144 solis
655 1071 835 1168 splendor
848 1069 923 1144 iam
935 1070 1370 1146 occumbentisobiectos

253 1169 490 1245 'Sclavorum
518 1171 648 1244 oculos
674 1171 710 1242 in
738 1195 948 1269 congressu
977 1174 1070 1246 adeo
1099 1171 1305 1267 obtuderit,
1332 1183 1371 1246 ut

268 1294 337 1369 pre
356 1270 498 1344 lumine
523 1271 638 1344 nichil
656 1270 785 1345 videre
811 1272 1039 1371 potuissent,
1065 1273 1271 1348 fortissimo
1289 1274 1370 1346 Deo

163 1401 166 1406 ’
268 1371 440 1444 hostibus
461 1371 540 1445 suis
558 1371 596 1444 in
615 1371 772 1445 minimo
790 1373 996 1446 maximum
1013 1378 1194 1473 prebente
1214 1373 1371 1447 offendi·

247 1472 406 1554 culum.
442 1471 737 1571 Servieruntque
756 1497 777 1546 a
806 1473 865 1547 die
891 1473 953 1546 illa
973 1497 1107 1548 omnes
1126 1475 1189 1548 ille
1207 1475 1369 1548 orienta-

267 1572 358 1645 lium
378 1571 598 1647 Sclavorum
613 1571 786 1648 nationes
800 1573 974 1668 Heinrico
990 1579 1059 1648 sub
1073 1573 1223 1672 tributo,
1233 1576 1372 1648 lactus·

268 1695 342 1770 que
369 1681 428 1745 est
453 1675 551 1769 apud
574 1672 795 1748 Sclavorum
823 1685 959 1772 gentes
979 1675 1213 1771 notissimus,
1240 1676 1277 1748 in
1297 1675 1369 1749 hiis

268 1797 341 1871 que
361 1775 407 1846 ad
426 1773 667 1848 honestatem
694 1784 731 1848 et
748 1775 855 1874 pacis
874 1778 1014 1849 bonum
1032 1775 1223 1876 pertinent
1242 1775 1370 1850 nobili·

250 1874 326 1946 ¹ter
353 1873 511 1947 clarens.
552 1874 801 1973 Precepitque
821 1876 1043 1950 Sclavorum
1072 1878 1224 1976 populo,
1250 1887 1290 1952 ut
1309 1900 1369 1950 co-

266 1975 364 2048 leret
383 1974 439 2046 vir
456 1999 590 2072 agrum
610 2000 722 2051 suum
741 1986 779 2049 et
795 1987 990 2051 exerceret
1002 1978 1170 2051 laborem
1186 1977 1315 2051 utilem
1332 1986 1370 2071 et

268 2076 806 2175 commodum‚extirpavitque
825 2077 1055 2156 latrunculos
1069 2088 1108 2151 et
1120 2078 1221 2152 viros
1242 2081 1369 2152 deser-

266 2174 393 2248 toles²
419 2178 463 2248 de
482 2185 594 2248 terra.
628 2178 672 2250 Et
692 2176 866 2250 exierunt
882 2179 1219 2276 Nordalbingorum
1241 2178 1368 2278 populi

268 2275 1369 2378 demunitionibus7inquibusconclusitenebanturpropter

266 2375 422 2451 timores
449 2377 654 2475 bellorum,
687 2388 724 2453 et
749 2379 895 2453 reversi
924 2389 1013 2455 sunt
1043 2379 1303 2479 unusquisque
1330 2381 1367 2453 in

238 2490 243 2502 ·
266 2476 393 2551 villam
413 2489 450 2551 et
468 2478 754 2578 possessionem
782 2505 906 2578 suam,
934 2492 972 2555 et
996 2480 1213 2555 reedificate
1232 2485 1366 2579 domus

268 2589 305 2652 et
330 2578 493 2652 ecclesie
528 2579 711 2655 bellorum
746 2582 1038 2681 tempestatibus
1068 2585 1206 2656 dudum
1236 2582 1366 2656 diruto.

266 2679 381 2753 Porro
410 2678 446 2752 in
474 2679 653 2754 universa
671 2681 817 2755 Sclavia
838 2685 1000 2757 necdum
1020 2694 1100 2758 erat
1119 2682 1281 2757 ecclesia
1306 2683 1366 2756 vel

267 2782 459 2877 sacerdos,
476 2780 546 2853 nisi
562 2780 600 2852 in
614 2787 706 2855 urbe
720 2792 866 2856 tantum
886 2808 960 2881 que
979 2808 1079 2856 nunc
1097 2795 1204 2858 vetus
1223 2783 1365 2857 Lubilra

267 2878 434 2978 dicitur³,
462 2904 507 2953 eo
535 2884 633 2979 quod
653 2882 850 2956 Heinricus
879 2903 964 2957 curn
988 2884 1128 2958 familia
1149 2907 1217 2957 sua
1237 2884 1365 2980 sepius

235 3020 239 3025 ¹
266 2980 341 3055 illic
359 2991 581 3055 moraretur.

84 3106 88 3114 ¹
175 3099 256 3155 troo.
342 3083 402 3156 35.
436 3081 490 3153 De
516 3089 633 3155 morte
661 3082 853 3171 Godefridi
879 3086 1032 3157 comitis.
1101 3084 1269 3157 Mortuus
1307 3095 1366 3158 est

266 3192 352 3281 post
371 3182 443 3255 hec
461 3184 534 3255 dux
553 3183 715 3257 Saxonie
734 3181 932 3280 Magnusl,
952 3194 990 3258 et
1008 3184 1108 3258 dedit
1127 3208 1237 3260 cesar
1255 3188 1365 3259 duca-

264 3294 344 3355 tum
368 3283 514 3356 Ludero
547 3284 692 3380 comiti,
719 3309 764 3358 eo
793 3286 889 3383 quod
918 3286 1078 3383 Magnus
1106 3310 1180 3359 non
1208 3286 1366 3360 haberet

264 3382 381 3457 filium
402 3386 468 3457 sed
487 3382 596 3459 lilias.
624 3384 792 3474 Quarum
806 3410 899 3482 una,
919 3384 1036 3460 Eilike
1055 3386 1222 3483 nomine,
1239 3386 1366 3485 nupsit

264 3484 393 3558 Ottoni
416 3484 541 3558 comiti
561 3486 767 3584 genuitque
789 3486 823 3559 ei
838 3487 1078 3561 Adalbertum
1093 3487 1365 3581 marchionem,

267 3602 292 3675 1)
312 3600 397 3668 flacc,
422 3620 492 3675 quae
515 3604 597 3674 vulgo
619 3606 652 3657 ad
675 3620 776 3657 annum
805 3602 874 3656 1105
899 3602 1069 3669 referuntur,
1095 3622 1166 3659 anno
1190 3604 1279 3675 potius
1293 3601 1364 3657 1003

265 3684 339 3747 gerla
364 3686 436 3741 aunt,
463 3677 491 3731 in
518 3694 571 3748 quo
594 3677 753 3731 testantibus
773 3675 926 3733 Annalibus
951 3676 1221 3735 Hildeahemensibus
1248 3675 1363 3748 Magnus

265 3753 320 3803 dux
338 3747 474 3805 Saxonum
495 3747 605 3805 Sclaros
623 3750 785 3805 rebellantes
806 3749 840 3803 11
852 3750 966 3805 urbibus
982 3752 1065 3821 captis
1078 3750 1191 3820 subegit.
1265 3750 1293 3820 2)
1313 3752 1365 3805 de-

264 3829 391 3896 sertores,
412 3841 531 3886 errones,
549 3823 715 3893 vagabundi3
735 3822 806 3879 conl.
826 3822 846 3876 l.
865 3820 899 3878 ll.
919 3842 942 3877 c.
959 3823 992 3886 6;
1014 3825 1037 3877 l.
1053 3821 1175 3877 hlaccab.
1196 3839 1220 3876 c.
1237 3822 1264 3874 t.
1282 3822 1364 3877 v.24.

265 3896 292 3968 3)
312 3894 382 3951 Urbs
401 3894 622 3951 Olden-Lubelre
646 3897 697 3949 eila
719 3896 779 3958 luit,
804 3896 851 3950 ubi
876 3896 1002 3950 lluviolos
1022 3895 1167 3950 Swartowc
1183 3894 1272 3948 inlluit
1289 3893 1364 3949 'lra-

264 3975 361 4024 r'enam
379 3969 506 4033 flurium
526 3970 596 4024 conl.
616 3967 737 4023 Delmari
754 3966 854 4025 Chron.
874 3967 971 4025 Luhic.
991 3984 1016 4021 a.
1035 3969 1113 4022 1105.
1147 3966 1293 4022 Praedium
1309 3964 1365 4023 Ol-

265 4042 447 4097 deu-hubelre
466 4060 536 4097 saec.
556 4041 618 4099 XV.
637 4052 679 4097 eat
694 4044 765 4097 lacta
782 4043 944 4113 pertinentia
962 4041 1065 4112 praedii
1085 4038 1260 4096 Goldenhore
1278 4058 1364 4111 paro-

265 4116 342 4171 chiae
361 4116 540 4172 Rensevelde.
579 4116 612 4170 V.
632 4116 713 4171 etiam
740 4116 841 4169 scholia
869 4114 954 4168 taor
980 4113 1015 4165 95
1042 4117 1076 4167 ad
1102 4113 1201 4169 Adam.
1221 4112 1361 4169 Bremene.

263 4186 404 4245 Ecclesiae
429 4189 530 4244 ibidem
556 4198 725 4244 constructae
750 4206 766 4241 a
792 4204 854 4259 rege
870 4186 1005 4241 'Heinrico
1031 4186 1152 4240 meminit
1171 4187 1251 4241 etiarn
1272 4187 1363 4241 charta
1439 4238 1442 4243 .

264 4262 329 4334 imp.
346 4260 465 4317 Conradi
485 4279 510 4318 a.
526 4262 605 4317 1139.
626 4261 718 4318 lamb.
747 4258 780 4316 U.
797 4258 829 4315 B.
851 4262 898 4314 der
919 4258 958 4315 St.
969 4258 1080 4315 ldiberlr
1090 4259 1110 4326 l,
1130 4260 1195 4315 ml.
1252 4259 1279 4333 4)
1289 4256 1364 4314 Obiit

264 4353 335 4391 auno
357 4334 427 4389 1106
446 4334 562 4406 August.
580 4335 626 4390 23.
