<?xml version="1.0" encoding="UTF-8"?>
<!DOCTYPE html PUBLIC "-//W3C//DTD XHTML 1.0 Transitional//EN"
    "http://www.w3.org/TR/xhtml1/DTD/xhtml1-transitional.dtd">
<html xmlns="http://www.w3.org/1999/xhtml" xml:lang="en" lang="en">
 <head>
  <title>
</title>
<meta http-equiv="Content-Type" content="text/html;charset=utf-8" />
  <meta name='ocr-system' content='tesseract 3.04.00' />
  <meta name='ocr-capabilities' content='ocr_page ocr_carea ocr_par ocr_line ocrx_word'/>
</head>
<body>
  <div class='ocr_page' id='page_1' title='image "./helmoldipresbyt00pertgoog_0110.png"; bbox 0 0 3000 4900; ppageno 0'>
   <div class='ocr_carea' id='block_1_1' title="bbox 251 385 1350 506">
    <p class='ocr_par' dir='ltr' id='par_1_1' title="bbox 251 385 1350 506">
     <span class='ocr_line' id='line_1_1' title="bbox 251 385 1350 506; baseline -0.005 -8"><span class='ocrx_word' id='word_1_1' title='bbox 251 422 299 498; x_wconf 78' lang='lat'>92</span> <span class='ocrx_word' id='word_1_2' title='bbox 353 418 601 494; x_wconf 81' lang='lat' dir='ltr'>nuunonor</span> <span class='ocrx_word' id='word_1_3' title='bbox 618 420 862 495; x_wconf 82' lang='lat' dir='ltr'>cunonrca</span> <span class='ocrx_word' id='word_1_4' title='bbox 880 419 1149 496; x_wconf 77' lang='lat' dir='ltr'>suavorum</span> <span class='ocrx_word' id='word_1_5' title='bbox 1176 417 1263 506; x_wconf 80' lang='lat' dir='ltr'>nto.</span> <span class='ocrx_word' id='word_1_6' title='bbox 1280 418 1306 492; x_wconf 86' lang='lat' dir='ltr'>t.</span> <span class='ocrx_word' id='word_1_7' title='bbox 1347 385 1350 389; x_wconf 78' lang='grc'><strong>’</strong></span> 
     </span>
    </p>
   </div>
   <div class='ocr_carea' id='block_1_2' title="bbox 177 620 1355 3940">
    <p class='ocr_par' dir='ltr' id='par_1_2' title="bbox 177 620 1355 3818">
     <span class='ocr_line' id='line_1_2' title="bbox 177 620 1355 720; baseline 0 -27"><span class='ocrx_word' id='word_1_8' title='bbox 177 638 180 645; x_wconf 81' lang='grc'><em>’</em></span> <span class='ocrx_word' id='word_1_9' title='bbox 250 621 328 720; x_wconf 87' lang='lat' dir='ltr'>iam</span> <span class='ocrx_word' id='word_1_10' title='bbox 347 621 575 719; x_wconf 80' lang='lat' dir='ltr'>decrepitus,</span> <span class='ocrx_word' id='word_1_11' title='bbox 595 623 661 694; x_wconf 88' lang='lat' dir='ltr'>sed</span> <span class='ocrx_word' id='word_1_12' title='bbox 682 620 813 718; x_wconf 84' lang='lat' dir='ltr'>vigore</span> <span class='ocrx_word' id='word_1_13' title='bbox 832 621 985 719; x_wconf 91' lang='lat' dir='ltr'>spiritus</span> <span class='ocrx_word' id='word_1_14' title='bbox 1000 621 1162 718; x_wconf 79' lang='lat' dir='ltr'>integer,</span> <span class='ocrx_word' id='word_1_15' title='bbox 1181 621 1242 694; x_wconf 93' lang='lat' dir='ltr'>ubi</span> <span class='ocrx_word' id='word_1_16' title='bbox 1258 621 1355 720; x_wconf 85' lang='lat' dir='ltr'>egri·</span> 
     </span>
     <span class='ocr_line' id='line_1_3' title="bbox 250 721 1354 819; baseline -0.001 -24"><span class='ocrx_word' id='word_1_17' title='bbox 250 722 380 796; x_wconf 93' lang='lat' dir='ltr'>tudine</span> <span class='ocrx_word' id='word_1_18' title='bbox 400 721 548 795; x_wconf 83' lang='lat' dir='ltr'><strong>mortali</strong></span> <span class='ocrx_word' id='word_1_19' title='bbox 563 721 751 819; x_wconf 75' lang='lat' dir='ltr'>decubuit,</span> <span class='ocrx_word' id='word_1_20' title='bbox 770 722 873 796; x_wconf 84' lang='lat' dir='ltr'><strong>misit</strong></span> <span class='ocrx_word' id='word_1_21' title='bbox 886 727 931 796; x_wconf 90' lang='lat' dir='ltr'>ad</span> <span class='ocrx_word' id='word_1_22' title='bbox 947 723 1213 796; x_wconf 85' lang='lat' dir='ltr'>accersiendos</span> <span class='ocrx_word' id='word_1_23' title='bbox 1229 746 1354 798; x_wconf 88' lang='lat' dir='ltr'>sacer·</span> 
     </span>
     <span class='ocr_line' id='line_1_4' title="bbox 251 822 1352 922; baseline 0.002 -26"><span class='ocrx_word' id='word_1_24' title='bbox 251 826 358 896; x_wconf 86' lang='lat' dir='ltr'>dotes</span> <span class='ocrx_word' id='word_1_25' title='bbox 370 833 407 896; x_wconf 90' lang='lat' dir='ltr'>et</span> <span class='ocrx_word' id='word_1_26' title='bbox 416 822 615 920; x_wconf 87' lang='lat' dir='ltr'>religiosos</span> <span class='ocrx_word' id='word_1_27' title='bbox 628 831 810 921; x_wconf 85' lang='lat' dir='ltr'>quosque.</span> <span class='ocrx_word' id='word_1_28' title='bbox 827 824 1030 922; x_wconf 90' lang='lat' dir='ltr'>lmpetrato</span> <span class='ocrx_word' id='word_1_29' title='bbox 1043 847 1153 897; x_wconf 82' lang='lat' dir='ltr'>sacre</span> <span class='ocrx_word' id='word_1_30' title='bbox 1165 823 1352 898; x_wconf 89' lang='lat' dir='ltr'>unctionis</span> 
     </span>
     <span class='ocr_line' id='line_1_5' title="bbox 251 921 1354 1022; baseline 0.002 -26"><span class='ocrx_word' id='word_1_31' title='bbox 251 921 374 996; x_wconf 86' lang='lat' dir='ltr'>officio</span> <span class='ocrx_word' id='word_1_32' title='bbox 384 935 614 1021; x_wconf 84' lang='lat' dir='ltr'><strong>conquestus</strong></span> <span class='ocrx_word' id='word_1_33' title='bbox 624 935 696 1018; x_wconf 74' lang='lat' dir='ltr'>est,</span> <span class='ocrx_word' id='word_1_34' title='bbox 710 948 753 997; x_wconf 93' lang='lat' dir='ltr'>se</span> <span class='ocrx_word' id='word_1_35' title='bbox 765 924 977 998; x_wconf 85' lang='lat' dir='ltr'>fraudatum</span> <span class='ocrx_word' id='word_1_36' title='bbox 988 923 1179 1022; x_wconf 80' lang='lat' dir='ltr'>presentia</span> <span class='ocrx_word' id='word_1_37' title='bbox 1190 925 1354 998; x_wconf 90' lang='lat' dir='ltr'>dilectis·</span> 
     </span>
     <span class='ocr_line' id='line_1_6' title="bbox 251 1023 1354 1122; baseline 0 -24"><span class='ocrx_word' id='word_1_38' title='bbox 251 1024 435 1098; x_wconf 93' lang='lat' dir='ltr'>simorum</span> <span class='ocrx_word' id='word_1_39' title='bbox 451 1023 1129 1121; x_wconf 73' lang='lat' dir='ltr'>suorumRotholfi,Hildensomensis</span> <span class='ocrx_word' id='word_1_40' title='bbox 1145 1025 1315 1100; x_wconf 90' lang='lat' dir='ltr'>canonici</span> <span class='ocrx_word' id='word_1_41' title='bbox 1325 1024 1354 1122; x_wconf 71' lang='lat'>¹,</span> 
     </span>
     <span class='ocr_line' id='line_1_7' title="bbox 252 1124 1352 1224; baseline -0.001 -23"><span class='ocrx_word' id='word_1_42' title='bbox 252 1124 463 1201; x_wconf 86' lang='lat' dir='ltr'>etVicelini.</span> <span class='ocrx_word' id='word_1_43' title='bbox 490 1126 569 1198; x_wconf 86' lang='lat' dir='ltr'>Nec</span> <span class='ocrx_word' id='word_1_44' title='bbox 587 1149 690 1198; x_wconf 89' lang='lat' dir='ltr'>mora</span> <span class='ocrx_word' id='word_1_45' title='bbox 708 1128 755 1199; x_wconf 91' lang='lat' dir='ltr'>ad</span> <span class='ocrx_word' id='word_1_46' title='bbox 769 1150 903 1198; x_wconf 87' lang='lat' dir='ltr'>vocem</span> <span class='ocrx_word' id='word_1_47' title='bbox 921 1127 1110 1224; x_wconf 88' lang='lat' dir='ltr'>precantis</span> <span class='ocrx_word' id='word_1_48' title='bbox 1123 1136 1282 1222; x_wconf 88' lang='lat' dir='ltr'>uterque</span> <span class='ocrx_word' id='word_1_49' title='bbox 1299 1127 1352 1200; x_wconf 91' lang='lat' dir='ltr'>in·</span> 
     </span>
     <span class='ocr_line' id='line_1_8' title="bbox 250 1225 1352 1328; baseline -0.004 -24"><span class='ocrx_word' id='word_1_50' title='bbox 250 1229 425 1328; x_wconf 83' lang='lat' dir='ltr'>opinatus</span> <span class='ocrx_word' id='word_1_51' title='bbox 443 1225 603 1325; x_wconf 61' lang='lat' dir='ltr'>advenit,</span> <span class='ocrx_word' id='word_1_52' title='bbox 626 1225 918 1325; x_wconf 89' lang='lat' dir='ltr'>repperiuntque</span> <span class='ocrx_word' id='word_1_53' title='bbox 934 1226 1055 1301; x_wconf 90' lang='lat' dir='ltr'>virum</span> <span class='ocrx_word' id='word_1_54' title='bbox 1073 1227 1154 1302; x_wconf 88' lang='lat' dir='ltr'>Deo</span> <span class='ocrx_word' id='word_1_55' title='bbox 1172 1227 1352 1302; x_wconf 88' lang='lat' dir='ltr'>dilectum</span> 
     </span>
     <span class='ocr_line' id='line_1_9' title="bbox 250 1327 1350 1428; baseline -0.001 -25"><span class='ocrx_word' id='word_1_56' title='bbox 250 1329 372 1404; x_wconf 87' lang='lat' dir='ltr'>exitus</span> <span class='ocrx_word' id='word_1_57' title='bbox 383 1327 441 1401; x_wconf 93' lang='lat' dir='ltr'>sui</span> <span class='ocrx_word' id='word_1_58' title='bbox 455 1327 590 1400; x_wconf 90' lang='lat' dir='ltr'>horam</span> <span class='ocrx_word' id='word_1_59' title='bbox 605 1351 691 1399; x_wconf 87' lang='lat' dir='ltr'>curn</span> <span class='ocrx_word' id='word_1_60' title='bbox 706 1351 846 1426; x_wconf 77' lang='lat' dir='ltr'>magna</span> <span class='ocrx_word' id='word_1_61' title='bbox 863 1327 1061 1402; x_wconf 91' lang='lat' dir='ltr'>devotione</span> <span class='ocrx_word' id='word_1_62' title='bbox 1080 1329 1350 1428; x_wconf 80' lang='lat' dir='ltr'>opperientem.</span> 
     </span>
     <span class='ocr_line' id='line_1_10' title="bbox 249 1426 1352 1529; baseline 0.003 -25"><span class='ocrx_word' id='word_1_63' title='bbox 249 1431 364 1528; x_wconf 83' lang='lat' dir='ltr'>Aque</span> <span class='ocrx_word' id='word_1_64' title='bbox 377 1426 794 1526; x_wconf 73' lang='lat' dir='ltr'>etiam1·ecogniti,cum</span> <span class='ocrx_word' id='word_1_65' title='bbox 809 1428 1015 1526; x_wconf 81' lang='lat' dir='ltr'>gratiarum</span> <span class='ocrx_word' id='word_1_66' title='bbox 1027 1431 1175 1505; x_wconf 90' lang='lat' dir='ltr'>actione</span> <span class='ocrx_word' id='word_1_67' title='bbox 1185 1429 1352 1529; x_wconf 85' lang='lat' dir='ltr'>suscepti</span> 
     </span>
     <span class='ocr_line' id='line_1_11' title="bbox 247 1527 1351 1629; baseline -0.001 -25"><span class='ocrx_word' id='word_1_68' title='bbox 247 1542 347 1604; x_wconf 90' lang='lat' dir='ltr'>sunt.</span> <span class='ocrx_word' id='word_1_69' title='bbox 363 1530 483 1602; x_wconf 89' lang='lat' dir='ltr'>Nocte</span> <span class='ocrx_word' id='word_1_70' title='bbox 492 1527 606 1626; x_wconf 83' lang='lat' dir='ltr'>igitur</span> <span class='ocrx_word' id='word_1_71' title='bbox 615 1528 881 1626; x_wconf 88' lang='lat' dir='ltr'>supremaDeo</span> <span class='ocrx_word' id='word_1_72' title='bbox 890 1529 928 1603; x_wconf 92' lang='lat' dir='ltr'>in</span> <span class='ocrx_word' id='word_1_73' title='bbox 938 1529 1351 1629; x_wconf 71' lang='lat' dir='ltr'>orationecolloquens‚</span> 
     </span>
     <span class='ocr_line' id='line_1_12' title="bbox 249 1627 1351 1730; baseline 0.002 -26"><span class='ocrx_word' id='word_1_74' title='bbox 249 1629 575 1730; x_wconf 89' lang='lat' dir='ltr'>appropinquante</span> <span class='ocrx_word' id='word_1_75' title='bbox 603 1627 678 1700; x_wconf 90' lang='lat' dir='ltr'>iam</span> <span class='ocrx_word' id='word_1_76' title='bbox 704 1627 882 1726; x_wconf 82' lang='lat' dir='ltr'>diluculo,</span> <span class='ocrx_word' id='word_1_77' title='bbox 905 1629 1016 1702; x_wconf 91' lang='lat' dir='ltr'>iussit</span> <span class='ocrx_word' id='word_1_78' title='bbox 1042 1631 1112 1704; x_wconf 90' lang='lat' dir='ltr'>sibi</span> <span class='ocrx_word' id='word_1_79' title='bbox 1140 1631 1351 1726; x_wconf 87' lang='lat' dir='ltr'>adyacono</span> 
     </span>
     <span class='ocr_line' id='line_1_13' title="bbox 249 1728 1353 1830; baseline 0.004 -27"><span class='ocrx_word' id='word_1_80' title='bbox 249 1730 326 1829; x_wconf 79' lang='lat' dir='ltr'>legi</span> <span class='ocrx_word' id='word_1_81' title='bbox 343 1729 563 1829; x_wconf 87' lang='lat' dir='ltr'>passionem</span> <span class='ocrx_word' id='word_1_82' title='bbox 581 1728 823 1827; x_wconf 73' lang='lat' dir='ltr'>dominicam,</span> <span class='ocrx_word' id='word_1_83' title='bbox 842 1756 916 1828; x_wconf 91' lang='lat' dir='ltr'>qua</span> <span class='ocrx_word' id='word_1_84' title='bbox 935 1730 1114 1804; x_wconf 84' lang='lat' dir='ltr'>intentius</span> <span class='ocrx_word' id='word_1_85' title='bbox 1133 1732 1272 1830; x_wconf 70' lang='lat' dir='ltr'>audita,</span> <span class='ocrx_word' id='word_1_86' title='bbox 1292 1757 1353 1806; x_wconf 92' lang='lat' dir='ltr'>ce·</span> 
     </span>
     <span class='ocr_line' id='line_1_14' title="bbox 248 1829 1352 1930; baseline 0.003 -27"><span class='ocrx_word' id='word_1_87' title='bbox 248 1831 378 1905; x_wconf 90' lang='lat' dir='ltr'>leriter</span> <span class='ocrx_word' id='word_1_88' title='bbox 397 1830 555 1903; x_wconf 92' lang='lat' dir='ltr'>adorsus</span> <span class='ocrx_word' id='word_1_89' title='bbox 574 1841 633 1904; x_wconf 91' lang='lat' dir='ltr'>est</span> <span class='ocrx_word' id='word_1_90' title='bbox 651 1829 871 1904; x_wconf 91' lang='lat' dir='ltr'>diaconum:</span> <span class='ocrx_word' id='word_1_91' title='bbox 905 1830 1012 1919; x_wconf 74' lang='lat' dir='ltr'>Affer</span> <span class='ocrx_word' id='word_1_92' title='bbox 1029 1831 1127 1928; x_wconf 75' lang='lat' dir='ltr'>nn&#39;ln&#39;7</span> <span class='ocrx_word' id='word_1_93' title='bbox 1146 1832 1277 1930; x_wconf 72' lang='lat' dir='ltr'>inquit,</span> <span class='ocrx_word' id='word_1_94' title='bbox 1295 1857 1352 1906; x_wconf 86' lang='lat' dir='ltr'>va-</span> 
     </span>
     <span class='ocr_line' id='line_1_15' title="bbox 249 1930 1351 2025; baseline 0 -20"><span class='ocrx_word' id='word_1_95' title='bbox 249 1932 375 2005; x_wconf 83' lang='lat' dir='ltr'>loeiter</span> <span class='ocrx_word' id='word_1_96' title='bbox 400 1933 573 2004; x_wconf 83' lang='lat' dir='ltr'>viaticum</span> <span class='ocrx_word' id='word_1_97' title='bbox 597 1930 784 2025; x_wconf 82' lang='lat' dir='ltr'>salutare,</span> <span class='ocrx_word' id='word_1_98' title='bbox 816 1933 892 2004; x_wconf 83' lang='lat' dir='ltr'>ium</span> <span class='ocrx_word' id='word_1_99' title='bbox 918 1935 1011 2004; x_wconf 84' lang='lat' dir='ltr'>enim</span> <span class='ocrx_word' id='word_1_100' title='bbox 1038 1931 1145 2012; x_wconf 84' lang='lat' dir='ltr'>adest</span> <span class='ocrx_word' id='word_1_101' title='bbox 1165 1932 1261 2006; x_wconf 78' lang='lat' dir='ltr'>horu</span> <span class='ocrx_word' id='word_1_102' title='bbox 1284 1936 1351 2006; x_wconf 82' lang='lat' dir='ltr'>mi-</span> 
     </span>
     <span class='ocr_line' id='line_1_16' title="bbox 247 2029 1351 2131; baseline 0.002 -26"><span class='ocrx_word' id='word_1_103' title='bbox 247 2032 394 2129; x_wconf 80' lang='lat' dir='ltr'>prundi.</span> <span class='ocrx_word' id='word_1_104' title='bbox 453 2029 665 2128; x_wconf 84' lang='lat' dir='ltr'>Statimque</span> <span class='ocrx_word' id='word_1_105' title='bbox 703 2031 933 2130; x_wconf 90' lang='lat' dir='ltr'>participans</span> <span class='ocrx_word' id='word_1_106' title='bbox 968 2033 1124 2106; x_wconf 84' lang='lat' dir='ltr'>vivificis</span> <span class='ocrx_word' id='word_1_107' title='bbox 1160 2033 1351 2131; x_wconf 71' lang='lat' dir='ltr'>misteriis,</span> 
     </span>
     <span class='ocr_line' id='line_1_17' title="bbox 250 2131 1350 2230; baseline 0 -24"><span class='ocrx_word' id='word_1_108' title='bbox 250 2133 341 2206; x_wconf 84' lang='lat' dir='ltr'>dixit</span> <span class='ocrx_word' id='word_1_109' title='bbox 359 2131 585 2208; x_wconf 89' lang='lat' dir='ltr'>astantibus:</span> <span class='ocrx_word' id='word_1_110' title='bbox 619 2132 713 2204; x_wconf 84' lang='lat' dir='ltr'>Ecce</span> <span class='ocrx_word' id='word_1_111' title='bbox 730 2135 878 2204; x_wconf 85' lang='lat' dir='ltr'>veniunt</span> <span class='ocrx_word' id='word_1_112' title='bbox 892 2136 955 2230; x_wconf 84' lang='lat' dir='ltr'>qui</span> <span class='ocrx_word' id='word_1_113' title='bbox 971 2158 1028 2207; x_wconf 84' lang='lat' dir='ltr'>me</span> <span class='ocrx_word' id='word_1_114' title='bbox 1046 2133 1238 2208; x_wconf 82' lang='lat' dir='ltr'>deducturi</span> <span class='ocrx_word' id='word_1_115' title='bbox 1254 2141 1350 2230; x_wconf 79' lang='lat' dir='ltr'>sunt,</span> 
     </span>
     <span class='ocr_line' id='line_1_18' title="bbox 250 2231 1348 2329; baseline 0 -22"><span class='ocrx_word' id='word_1_116' title='bbox 250 2257 330 2307; x_wconf 84' lang='lat' dir='ltr'>ecce</span> <span class='ocrx_word' id='word_1_117' title='bbox 346 2235 495 2306; x_wconf 84' lang='lat' dir='ltr'>veniunt</span> <span class='ocrx_word' id='word_1_118' title='bbox 508 2234 633 2304; x_wconf 84' lang='lat' dir='ltr'>nuncii</span> <span class='ocrx_word' id='word_1_119' title='bbox 649 2231 798 2305; x_wconf 86' lang='lat' dir='ltr'>Domini</span> <span class='ocrx_word' id='word_1_120' title='bbox 815 2236 896 2329; x_wconf 81' lang='lat' dir='ltr'>mei,</span> <span class='ocrx_word' id='word_1_121' title='bbox 914 2234 1097 2307; x_wconf 82' lang='lat' dir='ltr'>sublevate</span> <span class='ocrx_word' id='word_1_122' title='bbox 1109 2259 1165 2307; x_wconf 86' lang='lat' dir='ltr'>me</span> <span class='ocrx_word' id='word_1_123' title='bbox 1183 2234 1228 2307; x_wconf 86' lang='lat' dir='ltr'>de</span> <span class='ocrx_word' id='word_1_124' title='bbox 1245 2234 1348 2307; x_wconf 85' lang='lat' dir='ltr'>lecto.</span> 
     </span>
     <span class='ocr_line' id='line_1_19' title="bbox 250 2332 1352 2434; baseline 0.001 -28"><span class='ocrx_word' id='word_1_125' title='bbox 250 2334 395 2422; x_wconf 84' lang='lat' dir='ltr'>Quibus</span> <span class='ocrx_word' id='word_1_126' title='bbox 410 2332 593 2406; x_wconf 89' lang='lat' dir='ltr'>attonitis:</span> <span class='ocrx_word' id='word_1_127' title='bbox 614 2332 710 2422; x_wconf 72' lang='lat' dir='ltr'>Quid</span> <span class='ocrx_word' id='word_1_128' title='bbox 718 2333 1063 2434; x_wconf 61' lang='lat' dir='ltr'>trepidatiqinquit,</span> <span class='ocrx_word' id='word_1_129' title='bbox 1075 2360 1096 2408; x_wconf 93' lang='lat' dir='ltr'>o</span> <span class='ocrx_word' id='word_1_130' title='bbox 1110 2335 1201 2408; x_wconf 71' lang='lat' dir='ltr'>viri?</span> <span class='ocrx_word' id='word_1_131' title='bbox 1222 2333 1352 2408; x_wconf 85' lang='lat' dir='ltr'>Nonne</span> 
     </span>
     <span class='ocr_line' id='line_1_20' title="bbox 248 2431 1349 2534; baseline 0.003 -27"><span class='ocrx_word' id='word_1_132' title='bbox 248 2434 379 2508; x_wconf 76' lang='lat' dir='ltr'>videtis</span> <span class='ocrx_word' id='word_1_133' title='bbox 394 2436 547 2508; x_wconf 61' lang='lat' dir='ltr'>nuncios</span> <span class='ocrx_word' id='word_1_134' title='bbox 565 2431 714 2507; x_wconf 82' lang='lat' dir='ltr'>Domini</span> <span class='ocrx_word' id='word_1_135' title='bbox 730 2437 801 2507; x_wconf 84' lang='lat' dir='ltr'>mei</span> <span class='ocrx_word' id='word_1_136' title='bbox 818 2459 942 2509; x_wconf 79' lang='lat' dir='ltr'>onnes</span> <span class='ocrx_word' id='word_1_137' title='bbox 960 2435 1110 2510; x_wconf 76' lang='lat' dir='ltr'>adesse?</span> <span class='ocrx_word' id='word_1_138' title='bbox 1137 2435 1349 2534; x_wconf 87' lang='lat' dir='ltr'>Statimque</span> 
     </span>
     <span class='ocr_line' id='line_1_21' title="bbox 249 2535 1351 2637; baseline 0.001 -28"><span class='ocrx_word' id='word_1_139' title='bbox 249 2536 377 2609; x_wconf 88' lang='lat' dir='ltr'>anima</span> <span class='ocrx_word' id='word_1_140' title='bbox 393 2536 459 2607; x_wconf 92' lang='lat' dir='ltr'>illa</span> <span class='ocrx_word' id='word_1_141' title='bbox 478 2559 592 2608; x_wconf 85' lang='lat' dir='ltr'>carne</span> <span class='ocrx_word' id='word_1_142' title='bbox 610 2535 736 2609; x_wconf 88' lang='lat' dir='ltr'>soluta</span> <span class='ocrx_word' id='word_1_143' title='bbox 763 2547 830 2609; x_wconf 90' lang='lat' dir='ltr'>est.</span> <span class='ocrx_word' id='word_1_144' title='bbox 873 2538 984 2620; x_wconf 87' lang='lat' dir='ltr'>Mane</span> <span class='ocrx_word' id='word_1_145' title='bbox 1011 2537 1127 2637; x_wconf 81' lang='lat' dir='ltr'>igitur</span> <span class='ocrx_word' id='word_1_146' title='bbox 1143 2538 1243 2611; x_wconf 87' lang='lat' dir='ltr'>facto</span> <span class='ocrx_word' id='word_1_147' title='bbox 1263 2562 1351 2611; x_wconf 90' lang='lat' dir='ltr'>con-</span> 
     </span>
     <span class='ocr_line' id='line_1_22' title="bbox 247 2634 1353 2734; baseline -0.001 -22"><span class='ocrx_word' id='word_1_148' title='bbox 247 2636 482 2712; x_wconf 89' lang='lat' dir='ltr'>venientibus</span> <span class='ocrx_word' id='word_1_149' title='bbox 501 2634 630 2707; x_wconf 88' lang='lat' dir='ltr'>multis</span> <span class='ocrx_word' id='word_1_150' title='bbox 649 2635 694 2709; x_wconf 92' lang='lat' dir='ltr'>ad</span> <span class='ocrx_word' id='word_1_151' title='bbox 714 2637 949 2734; x_wconf 85' lang='lat' dir='ltr'>sepulturam</span> <span class='ocrx_word' id='word_1_152' title='bbox 967 2638 1061 2711; x_wconf 90' lang='lat' dir='ltr'>tanti</span> <span class='ocrx_word' id='word_1_153' title='bbox 1078 2638 1160 2731; x_wconf 64' lang='lat' dir='ltr'>viri7</span> <span class='ocrx_word' id='word_1_154' title='bbox 1188 2650 1270 2711; x_wconf 91' lang='lat' dir='ltr'>orta</span> <span class='ocrx_word' id='word_1_155' title='bbox 1294 2651 1353 2711; x_wconf 89' lang='lat' dir='ltr'>est</span> 
     </span>
     <span class='ocr_line' id='line_1_23' title="bbox 249 2736 1351 2837; baseline 0.002 -28"><span class='ocrx_word' id='word_1_156' title='bbox 249 2736 471 2837; x_wconf 88' lang='lat' dir='ltr'>disceptatio</span> <span class='ocrx_word' id='word_1_157' title='bbox 497 2738 542 2809; x_wconf 92' lang='lat' dir='ltr'>de</span> <span class='ocrx_word' id='word_1_158' title='bbox 568 2736 764 2834; x_wconf 87' lang='lat' dir='ltr'>sepultura</span> <span class='ocrx_word' id='word_1_159' title='bbox 788 2737 888 2834; x_wconf 71' lang='lat' dir='ltr'>eius,</span> <span class='ocrx_word' id='word_1_160' title='bbox 914 2739 1055 2837; x_wconf 93' lang='lat' dir='ltr'>populo</span> <span class='ocrx_word' id='word_1_161' title='bbox 1083 2738 1234 2836; x_wconf 88' lang='lat' dir='ltr'>quidem</span> <span class='ocrx_word' id='word_1_162' title='bbox 1263 2763 1351 2812; x_wconf 90' lang='lat' dir='ltr'>eum</span> 
     </span>
     <span class='ocr_line' id='line_1_24' title="bbox 248 2835 1351 2937; baseline 0.001 -25"><span class='ocrx_word' id='word_1_163' title='bbox 248 2839 287 2912; x_wconf 93' lang='lat' dir='ltr'>in</span> <span class='ocrx_word' id='word_1_164' title='bbox 314 2837 488 2934; x_wconf 70' lang='lat' dir='ltr'>eeclesia,</span> <span class='ocrx_word' id='word_1_165' title='bbox 514 2835 762 2909; x_wconf 84' lang='lat' dir='ltr'>familiaribus</span> <span class='ocrx_word' id='word_1_166' title='bbox 789 2862 878 2911; x_wconf 89' lang='lat' dir='ltr'>vero</span> <span class='ocrx_word' id='word_1_167' title='bbox 907 2838 987 2913; x_wconf 90' lang='lat' dir='ltr'>eius</span> <span class='ocrx_word' id='word_1_168' title='bbox 1011 2839 1049 2911; x_wconf 93' lang='lat' dir='ltr'>in</span> <span class='ocrx_word' id='word_1_169' title='bbox 1068 2839 1177 2935; x_wconf 69' lang='lat' dir='ltr'>atrio,</span> <span class='ocrx_word' id='word_1_170' title='bbox 1206 2850 1247 2912; x_wconf 92' lang='lat' dir='ltr'>ut</span> <span class='ocrx_word' id='word_1_171' title='bbox 1269 2839 1351 2937; x_wconf 90' lang='lat' dir='ltr'>ipsc</span> 
     </span>
     <span class='ocr_line' id='line_1_25' title="bbox 248 2936 1348 3038; baseline -0.001 -25"><span class='ocrx_word' id='word_1_172' title='bbox 248 2940 423 3036; x_wconf 64' lang='lat' dir='ltr'>iusserat,</span> <span class='ocrx_word' id='word_1_173' title='bbox 456 2936 608 3035; x_wconf 92' lang='lat' dir='ltr'>sepeliri</span> <span class='ocrx_word' id='word_1_174' title='bbox 639 2937 861 3012; x_wconf 89' lang='lat' dir='ltr'>volentibus.</span> <span class='ocrx_word' id='word_1_175' title='bbox 908 2938 1076 3013; x_wconf 85' lang='lat' dir='ltr'>Offertur</span> <span class='ocrx_word' id='word_1_176' title='bbox 1102 2938 1252 3013; x_wconf 88' lang='lat' dir='ltr'>interim</span> <span class='ocrx_word' id='word_1_177' title='bbox 1280 2964 1348 3038; x_wconf 92' lang='lat' dir='ltr'>pro</span> 
     </span>
     <span class='ocr_line' id='line_1_26' title="bbox 249 3038 1351 3137; baseline 0 -23"><span class='ocrx_word' id='word_1_178' title='bbox 249 3041 375 3114; x_wconf 91' lang='lat' dir='ltr'>anima</span> <span class='ocrx_word' id='word_1_179' title='bbox 391 3040 473 3114; x_wconf 90' lang='lat' dir='ltr'>eius</span> <span class='ocrx_word' id='word_1_180' title='bbox 487 3038 613 3111; x_wconf 90' lang='lat' dir='ltr'>hostia</span> <span class='ocrx_word' id='word_1_181' title='bbox 623 3038 812 3135; x_wconf 72' lang='lat' dir='ltr'>salutarie,</span> <span class='ocrx_word' id='word_1_182' title='bbox 827 3063 912 3111; x_wconf 88' lang='lat' dir='ltr'>cum</span> <span class='ocrx_word' id='word_1_183' title='bbox 921 3039 1175 3114; x_wconf 87' lang='lat' dir='ltr'>Theodericus</span> <span class='ocrx_word' id='word_1_184' title='bbox 1185 3039 1351 3137; x_wconf 62' lang='lat' dir='ltr'>quidam,</span> 
     </span>
     <span class='ocr_line' id='line_1_27' title="bbox 250 3140 1350 3239; baseline 0 -26"><span class='ocrx_word' id='word_1_185' title='bbox 250 3141 313 3239; x_wconf 95' lang='lat' dir='ltr'>qui</span> <span class='ocrx_word' id='word_1_186' title='bbox 340 3140 462 3213; x_wconf 87' lang='lat' dir='ltr'>adhuc</span> <span class='ocrx_word' id='word_1_187' title='bbox 486 3149 671 3237; x_wconf 69' lang='lat' dir='ltr'>superest,</span> <span class='ocrx_word' id='word_1_188' title='bbox 696 3150 852 3237; x_wconf 90' lang='lat' dir='ltr'>propter</span> <span class='ocrx_word' id='word_1_189' title='bbox 875 3140 1023 3239; x_wconf 80' lang='lat' dir='ltr'>vigilias</span> <span class='ocrx_word' id='word_1_190' title='bbox 1050 3140 1192 3214; x_wconf 85' lang='lat' dir='ltr'>funeris</span> <span class='ocrx_word' id='word_1_191' title='bbox 1212 3164 1350 3238; x_wconf 88' lang='lat' dir='ltr'>sopore</span> 
     </span>
     <span class='ocr_line' id='line_1_28' title="bbox 250 3239 1349 3340; baseline -0.002 -26"><span class='ocrx_word' id='word_1_192' title='bbox 250 3240 377 3340; x_wconf 81' lang='lat' dir='ltr'>gravis</span> <span class='ocrx_word' id='word_1_193' title='bbox 401 3240 500 3313; x_wconf 89' lang='lat' dir='ltr'>lecto</span> <span class='ocrx_word' id='word_1_194' title='bbox 523 3239 710 3336; x_wconf 73' lang='lat' dir='ltr'>decubuit,</span> <span class='ocrx_word' id='word_1_195' title='bbox 734 3239 901 3336; x_wconf 89' lang='lat' dir='ltr'>viditque</span> <span class='ocrx_word' id='word_1_196' title='bbox 926 3241 997 3315; x_wconf 90' lang='lat' dir='ltr'>sibi</span> <span class='ocrx_word' id='word_1_197' title='bbox 1025 3241 1203 3314; x_wconf 88' lang='lat' dir='ltr'>assistere</span> <span class='ocrx_word' id='word_1_198' title='bbox 1227 3240 1349 3314; x_wconf 91' lang='lat' dir='ltr'>virum</span> 
     </span>
     <span class='ocr_line' id='line_1_29' title="bbox 249 3338 1353 3437; baseline -0.001 -23"><span class='ocrx_word' id='word_1_199' title='bbox 249 3340 446 3416; x_wconf 91' lang='lat' dir='ltr'>reverendi</span> <span class='ocrx_word' id='word_1_200' title='bbox 463 3338 625 3436; x_wconf 73' lang='lat' dir='ltr'>habitus7</span> <span class='ocrx_word' id='word_1_201' title='bbox 644 3351 683 3413; x_wconf 89' lang='lat' dir='ltr'>et</span> <span class='ocrx_word' id='word_1_202' title='bbox 700 3339 903 3414; x_wconf 88' lang='lat' dir='ltr'>dicentem:</span> <span class='ocrx_word' id='word_1_203' title='bbox 936 3342 1129 3437; x_wconf 71' lang='lat' dir='ltr'>Quoumue</span> <span class='ocrx_word' id='word_1_204' title='bbox 1147 3340 1353 3413; x_wconf 68' lang='lat' dir='ltr'>dormitas?</span> 
     </span>
     <span class='ocr_line' id='line_1_30' title="bbox 251 3440 1352 3537; baseline -0.001 -23"><span class='ocrx_word' id='word_1_205' title='bbox 251 3442 369 3537; x_wconf 78' lang='lat' dir='ltr'>Surqe</span> <span class='ocrx_word' id='word_1_206' title='bbox 392 3449 428 3513; x_wconf 86' lang='lat' dir='ltr'>et</span> <span class='ocrx_word' id='word_1_207' title='bbox 441 3444 506 3527; x_wconf 79' lang='lat' dir='ltr'>fue</span> <span class='ocrx_word' id='word_1_208' title='bbox 523 3440 666 3534; x_wconf 82' lang='lat' dir='ltr'>sepeliri</span> <span class='ocrx_word' id='word_1_209' title='bbox 682 3440 922 3537; x_wconf 74' lang='lat' dir='ltr'>sacerdotem,</span> <span class='ocrx_word' id='word_1_210' title='bbox 941 3443 1004 3514; x_wconf 84' lang='lat' dir='ltr'>ubi</span> <span class='ocrx_word' id='word_1_211' title='bbox 1015 3441 1178 3535; x_wconf 84' lang='lat' dir='ltr'>populus</span> <span class='ocrx_word' id='word_1_212' title='bbox 1195 3444 1272 3513; x_wconf 84' lang='lat' dir='ltr'>eius</span> <span class='ocrx_word' id='word_1_213' title='bbox 1291 3440 1352 3513; x_wconf 84' lang='lat' dir='ltr'>de·</span> 
     </span>
     <span class='ocr_line' id='line_1_31' title="bbox 250 3540 1349 3641; baseline -0.001 -25"><span class='ocrx_word' id='word_1_214' title='bbox 250 3546 370 3616; x_wconf 81' lang='lat' dir='ltr'>creuit.</span> <span class='ocrx_word' id='word_1_215' title='bbox 399 3541 587 3615; x_wconf 90' lang='lat' dir='ltr'>Prevaluit</span> <span class='ocrx_word' id='word_1_216' title='bbox 603 3541 719 3640; x_wconf 80' lang='lat' dir='ltr'>igitur</span> <span class='ocrx_word' id='word_1_217' title='bbox 736 3566 783 3615; x_wconf 86' lang='lat' dir='ltr'>ex</span> <span class='ocrx_word' id='word_1_218' title='bbox 801 3542 1036 3641; x_wconf 91' lang='lat' dir='ltr'>beneplacito</span> <span class='ocrx_word' id='word_1_219' title='bbox 1055 3542 1125 3616; x_wconf 91' lang='lat' dir='ltr'>Dei</span> <span class='ocrx_word' id='word_1_220' title='bbox 1143 3540 1349 3640; x_wconf 90' lang='lat' dir='ltr'>postulatio</span> 
     </span>
     <span class='ocr_line' id='line_1_32' title="bbox 248 3640 1350 3743; baseline -0.003 -27"><span class='ocrx_word' id='word_1_221' title='bbox 248 3642 392 3743; x_wconf 76' lang='lat' dir='ltr'>populi,</span> <span class='ocrx_word' id='word_1_222' title='bbox 411 3641 716 3740; x_wconf 90' lang='lat' dir='ltr'>sepelieruntque</span> <span class='ocrx_word' id='word_1_223' title='bbox 734 3666 821 3715; x_wconf 92' lang='lat' dir='ltr'>eum</span> <span class='ocrx_word' id='word_1_224' title='bbox 840 3642 937 3715; x_wconf 88' lang='lat' dir='ltr'>infra</span> <span class='ocrx_word' id='word_1_225' title='bbox 951 3666 1081 3717; x_wconf 93' lang='lat' dir='ltr'>muros</span> <span class='ocrx_word' id='word_1_226' title='bbox 1096 3641 1270 3740; x_wconf 65' lang='lat' dir='ltr'>ecclesie,</span> <span class='ocrx_word' id='word_1_227' title='bbox 1289 3640 1350 3714; x_wconf 92' lang='lat' dir='ltr'>cui</span> 
     </span>
     <span class='ocr_line' id='line_1_33' title="bbox 249 3742 943 3818; baseline -0.007 0"><span class='ocrx_word' id='word_1_228' title='bbox 249 3744 379 3818; x_wconf 89' lang='lat' dir='ltr'>multis</span> <span class='ocrx_word' id='word_1_229' title='bbox 398 3742 506 3816; x_wconf 92' lang='lat' dir='ltr'>annis</span> <span class='ocrx_word' id='word_1_230' title='bbox 523 3742 686 3816; x_wconf 87' lang='lat' dir='ltr'>fideliter</span> <span class='ocrx_word' id='word_1_231' title='bbox 703 3742 943 3817; x_wconf 87' lang='lat' dir='ltr'>deservierat.</span> 
     </span>
    </p>

    <p class='ocr_par' dir='ltr' id='par_1_3' title="bbox 324 3841 1354 3940">
     <span class='ocr_line' id='line_1_34' title="bbox 324 3841 1354 3940; baseline -0.005 -22"><span class='ocrx_word' id='word_1_232' title='bbox 324 3848 384 3918; x_wconf 84' lang='grc'>44.</span> <span class='ocrx_word' id='word_1_233' title='bbox 411 3843 466 3916; x_wconf 86' lang='lat' dir='ltr'>De</span> <span class='ocrx_word' id='word_1_234' title='bbox 484 3843 674 3916; x_wconf 76' lang='lat' dir='ltr'>Tbebnuro</span> <span class='ocrx_word' id='word_1_235' title='bbox 694 3843 913 3937; x_wconf 68' lang='lat' dir='ltr'>prepositot.</span> <span class='ocrx_word' id='word_1_236' title='bbox 950 3845 1038 3917; x_wconf 89' lang='lat' dir='ltr'>Post</span> <span class='ocrx_word' id='word_1_237' title='bbox 1055 3854 1218 3916; x_wconf 89' lang='lat' dir='ltr'>mortem</span> <span class='ocrx_word' id='word_1_238' title='bbox 1237 3841 1354 3940; x_wconf 85' lang='lat' dir='ltr'>igitur</span> 
     </span>
    </p>
   </div>
   <div class='ocr_carea' id='block_1_3' title="bbox 249 3996 1352 4363">
    <p class='ocr_par' dir='ltr' id='par_1_4' title="bbox 249 3996 1352 4363">
     <span class='ocr_line' id='line_1_35' title="bbox 252 3996 1352 4071; baseline -0.004 -20"><span class='ocrx_word' id='word_1_239' title='bbox 252 3998 277 4071; x_wconf 85' lang='lat' dir='ltr'>l)</span> <span class='ocrx_word' id='word_1_240' title='bbox 293 3997 417 4053; x_wconf 83' lang='lat' dir='ltr'>Fortasse</span> <span class='ocrx_word' id='word_1_241' title='bbox 430 3998 500 4051; x_wconf 90' lang='lat' dir='ltr'>idem</span> <span class='ocrx_word' id='word_1_242' title='bbox 517 4015 549 4051; x_wconf 83' lang='lat' dir='ltr'>ac</span> <span class='ocrx_word' id='word_1_243' title='bbox 559 3996 703 4052; x_wconf 83' lang='lat' dir='ltr'>Rotbollus</span> <span class='ocrx_word' id='word_1_244' title='bbox 718 4000 868 4071; x_wconf 78' lang='lat' dir='ltr'>presbyter,</span> <span class='ocrx_word' id='word_1_245' title='bbox 882 3999 928 4071; x_wconf 90' lang='lat' dir='ltr'>qui</span> <span class='ocrx_word' id='word_1_246' title='bbox 944 3997 1061 4053; x_wconf 83' lang='lat' dir='ltr'>occurrit</span> <span class='ocrx_word' id='word_1_247' title='bbox 1079 3998 1106 4049; x_wconf 92' lang='lat' dir='ltr'>in</span> <span class='ocrx_word' id='word_1_248' title='bbox 1124 3996 1223 4050; x_wconf 80' lang='lat' dir='ltr'>chartis</span> <span class='ocrx_word' id='word_1_249' title='bbox 1240 3996 1352 4066; x_wconf 85' lang='lat' dir='ltr'>episco-</span> 
     </span>
     <span class='ocr_line' id='line_1_36' title="bbox 250 4066 1352 4143; baseline -0.003 -19"><span class='ocrx_word' id='word_1_250' title='bbox 250 4088 344 4143; x_wconf 87' lang='lat' dir='ltr'>porum</span> <span class='ocrx_word' id='word_1_251' title='bbox 366 4070 641 4126; x_wconf 82' lang='lat' dir='ltr'>Hildesheimeusium</span> <span class='ocrx_word' id='word_1_252' title='bbox 661 4089 686 4127; x_wconf 79' lang='lat' dir='ltr'>a.</span> <span class='ocrx_word' id='word_1_253' title='bbox 708 4071 899 4135; x_wconf 75' lang='grc'><strong>1125-1146,</strong></span> <span class='ocrx_word' id='word_1_254' title='bbox 925 4089 951 4127; x_wconf 86' lang='lat' dir='ltr'>r.</span> <span class='ocrx_word' id='word_1_255' title='bbox 970 4069 1073 4125; x_wconf 81' lang='lat' dir='ltr'>Urldb.</span> <span class='ocrx_word' id='word_1_256' title='bbox 1095 4072 1141 4123; x_wconf 85' lang='lat' dir='ltr'>des</span> <span class='ocrx_word' id='word_1_257' title='bbox 1161 4069 1255 4123; x_wconf 87' lang='lat' dir='ltr'>histor.</span> <span class='ocrx_word' id='word_1_258' title='bbox 1277 4066 1352 4121; x_wconf 84' lang='lat' dir='ltr'>Ver-</span> 
     </span>
     <span class='ocr_line' id='line_1_37' title="bbox 250 4142 1351 4211; baseline -0.003 -13"><span class='ocrx_word' id='word_1_259' title='bbox 250 4144 308 4198; x_wconf 85' lang='lat' dir='ltr'>eins</span> <span class='ocrx_word' id='word_1_260' title='bbox 335 4146 378 4197; x_wconf 85' lang='lat' dir='ltr'>ldr</span> <span class='ocrx_word' id='word_1_261' title='bbox 396 4142 620 4208; x_wconf 83' lang='lat' dir='ltr'>Niedersacbsen‚</span> <span class='ocrx_word' id='word_1_262' title='bbox 644 4142 692 4208; x_wconf 89' lang='lat' dir='ltr'>lV,</span> <span class='ocrx_word' id='word_1_263' title='bbox 711 4164 738 4200; x_wconf 86' lang='lat' dir='ltr'>n.</span> <span class='ocrx_word' id='word_1_264' title='bbox 761 4144 841 4200; x_wconf 80' lang='lat'>1-4.</span> <span class='ocrx_word' id='word_1_265' title='bbox 925 4145 952 4211; x_wconf 80' lang='lat'>2)</span> <span class='ocrx_word' id='word_1_266' title='bbox 972 4142 1143 4199; x_wconf 78' lang='lat' dir='ltr'>Tbietmrrus</span> <span class='ocrx_word' id='word_1_267' title='bbox 1160 4145 1278 4197; x_wconf 77' lang='lat' dir='ltr'>decanus</span> <span class='ocrx_word' id='word_1_268' title='bbox 1297 4157 1351 4195; x_wconf 85' lang='lat' dir='ltr'>oc·</span> 
     </span>
     <span class='ocr_line' id='line_1_38' title="bbox 249 4213 1350 4279; baseline -0.005 -8"><span class='ocrx_word' id='word_1_269' title='bbox 249 4218 335 4271; x_wconf 88' lang='lat' dir='ltr'>currit</span> <span class='ocrx_word' id='word_1_270' title='bbox 355 4219 382 4270; x_wconf 91' lang='lat' dir='ltr'>in</span> <span class='ocrx_word' id='word_1_271' title='bbox 402 4218 500 4271; x_wconf 85' lang='lat' dir='ltr'>chartis</span> <span class='ocrx_word' id='word_1_272' title='bbox 511 4216 703 4272; x_wconf 85' lang='lat' dir='ltr'>Bremensibus</span> <span class='ocrx_word' id='word_1_273' title='bbox 719 4235 744 4272; x_wconf 78' lang='lat' dir='ltr'>a.</span> <span class='ocrx_word' id='word_1_274' title='bbox 758 4216 955 4279; x_wconf 78' lang='lat' dir='ltr'>ttae-¹142;</span> <span class='ocrx_word' id='word_1_275' title='bbox 976 4218 1023 4270; x_wconf 86' lang='lat' dir='ltr'>clr.</span> <span class='ocrx_word' id='word_1_276' title='bbox 1038 4216 1108 4271; x_wconf 81' lang='lat' dir='ltr'>infra</span> <span class='ocrx_word' id='word_1_277' title='bbox 1126 4234 1149 4269; x_wconf 88' lang='lat' dir='ltr'>c.</span> <span class='ocrx_word' id='word_1_278' title='bbox 1161 4216 1206 4269; x_wconf 80' lang='lat'>58.</span> <span class='ocrx_word' id='word_1_279' title='bbox 1236 4213 1350 4269; x_wconf 86' lang='lat' dir='ltr'>Videtur</span> 
     </span>
     <span class='ocr_line' id='line_1_39' title="bbox 249 4288 1350 4363; baseline -0.005 -18"><span class='ocrx_word' id='word_1_280' title='bbox 249 4291 368 4345; x_wconf 82' lang='lat' dir='ltr'>tenuisse</span> <span class='ocrx_word' id='word_1_281' title='bbox 387 4292 600 4362; x_wconf 82' lang='lat' dir='ltr'>praepositorum</span> <span class='ocrx_word' id='word_1_282' title='bbox 621 4290 818 4363; x_wconf 75' lang='lat' dir='ltr'>llngerestorpe</span> <span class='ocrx_word' id='word_1_283' title='bbox 834 4310 855 4347; x_wconf 87' lang='lat' dir='ltr'>s.</span> <span class='ocrx_word' id='word_1_284' title='bbox 867 4288 1021 4356; x_wconf 84' lang='lat' dir='ltr'>Cuzelinae,</span> <span class='ocrx_word' id='word_1_285' title='bbox 1040 4290 1067 4345; x_wconf 92' lang='lat' dir='ltr'>in</span> <span class='ocrx_word' id='word_1_286' title='bbox 1084 4288 1256 4353; x_wconf 76' lang='lat' dir='ltr'>monasterio,</span> <span class='ocrx_word' id='word_1_287' title='bbox 1275 4288 1350 4359; x_wconf 90' lang='lat' dir='ltr'>quod</span> 
     </span>
    </p>
   </div>
   <div class='ocr_carea' id='block_1_4' title="bbox 0 0 1504 4900">
    <p class='ocr_par' dir='ltr' id='par_1_5' title="bbox 0 0 1504 4900">
     <span class='ocr_line' id='line_1_40' title="bbox 0 0 1504 4900; baseline 0 0"><span class='ocrx_word' id='word_1_288' title='bbox 0 0 1504 4900; x_wconf 95' lang='lat' dir='ltr'> </span> 
     </span>
    </p>
   </div>
  </div>
 </body>
</html>
