3000 4900
180 461 425 536 HELMOLDI
444 462 683 538 CHRONlCd
702 461 970 538 SLAVORUM.
997 463 1083 538 bru.
1100 463 1126 536 1.
1179 465 1228 541 83

128 662 208 740 dies
243 662 384 736 bellum
414 673 550 762 potens
577 661 753 737 Heinrioo
783 663 906 738 cesari
930 674 1060 738 contra
1092 667 1228 740 ducem

127 763 327 838 Linderum
356 775 393 836 et
424 763 607 839 Saxones,
652 763 851 840 Heinrious
879 764 981 838 enim
1007 764 1142 862 iunior,
1167 765 1229 841 ubi

127 865 285 962 depulso
312 865 372 938 vel
406 865 530 964 potius
564 865 727 939 extincto
756 876 862 964 patre
894 865 1053 940 obtinuit
1081 889 1229 940 monar-

129 965 253 1038 chiam
277 965 437 1065 imperii‚
464 965 554 1040 vidit
578 965 665 1064 quia
691 965 869 1041 universa
894 977 994 1040 terra
1013 965 1173 1064 quiescit
1190 965 1227 1041 in

129 1078 332 1164 conspectu
368 1067 471 1164 eius⁷
503 1066 665 1164 fecitque
701 1071 747 1141 ab
782 1067 969 1140 universis
997 1067 1228 1165 principibus

127 1167 241 1242 iurari
276 1167 553 1264 expeditionem
581 1167 773 1258 ltalioam‚
793 1168 925 1241 volens
953 1167 1052 1241 iuxta
1081 1191 1227 1240 morem

127 1269 281 1366 assequi
312 1267 581 1366 plenitudinem
613 1268 822 1367 imperialis
854 1268 1011 1342 honoris·
1039 1271 1085 1342 de
1113 1292 1228 1342 manu

128 1369 268 1442 summi
291 1366 488 1467 pontificis.
523 1369 849 1466 Transcensisque
869 1369 1044 1466 Alpibus,
1064 1367 1230 1466 perrexit

129 1471 288 1543 Romam
309 1493 393 1542 oum
412 1469 555 1565 ingenti
575 1481 806 1542 armatorum
832 1468 1077 1542 multitudine.
1115 1471 1228 1542 uom-

127 1595 199 1649 nus
215 1593 304 1645 vero
325 1593 424 1668 papa
441 1570 634 1644 Paschalis
649 1570 775 1644 audito
793 1571 945 1642 introitu
962 1569 1043 1642 eius
1059 1592 1134 1641 non
1150 1593 1228 1642 mo·

128 1670 209 1744 dice
230 1671 368 1743 letatus
392 1680 452 1743 est
464 1669 642 1767 misitque
657 1674 702 1743 ad
719 1670 1033 1744 circumiacentes
1048 1669 1227 1767 regiones

127 1794 326 1844 accersere
338 1794 584 1844 numerosum
600 1772 757 1868 olerum,
772 1771 947 1868 quatinus
962 1793 1096 1868 regem
1112 1771 1229 1844 hono-

126 1871 293 1945 rabiliter
306 1872 523 1945 venientem
548 1872 629 1970 ipse
644 1871 862 1945 honoratior
877 1870 1103 1967 exciperetl.
1137 1871 1228 1944 Sus·

127 1983 259 2071 ceptus
289 1983 348 2046 est
371 1971 485 2070 igitur
510 1997 595 2046 cum
621 1996 760 2070 magno
786 1971 876 2045 cleri
905 1972 1087 2068 Urbisque
1113 1970 1229 2068 tripu·

127 2072 219 2146 dio².
273 2073 338 2147 Ubi
367 2084 493 2146 antem
525 2085 680 2147 ventum
718 2084 778 2147 est
808 2075 852 2146 ad
887 2070 1227 2168 consecrationem⁷

128 2173 256 2270 exegit
282 2177 327 2248 ab
354 2197 399 2246 eo
428 2176 588 2246 domnus
616 2198 714 2274 papa
740 2174 968 2268 iuramenta,
995 2172 1170 2270 quatinus
1189 2171 1226 2244 in

125 2273 316 2348 katholioe
334 2273 419 2347 fidei
440 2275 680 2348 observantia
699 2274 861 2372 integer,
885 2273 922 2346 in
942 2273 1148 2370 apostolice
1168 2296 1228 2346 se·

125 2375 183 2448 dis
210 2375 422 2447 reverentia
451 2385 635 2473 promtus,
660 2376 697 2447 in
727 2375 976 2448 eeclesiarum
1005 2373 1228 2447 defensione

128 2476 309 2560 sollicitus
332 2476 519 2549 existeret.
561 2477 636 2551 Sed
656 2501 723 2549 rex
744 2479 931 2575 superbus
951 2474 1076 2547 iurare
1096 2472 1228 2570 noluit,

127 2577 257 2650 diceus
276 2577 545 2675 imperatorem
571 2576 713 2651 nemini
731 2576 855 2650 iurare
875 2577 1028 2671 debere,
1053 2574 1111 2648 oui
1130 2575 1228 2647 iura·

127 2688 340 2753 mentorum
369 2689 607 2752 sacramenta
633 2682 679 2752 ab
705 2676 880 2753 omnibus
908 2676 983 2749 sint
1006 2676 1226 2749 exhibenda.

124 2778 237 2852 Facta
265 2788 324 2851 est
349 2778 461 2875 igitur
488 2778 676 2854 eontentio
703 2779 802 2851 inter
824 2780 1004 2851 domnum
1027 2801 1165 2875 papam
1190 2786 1228 2849 et

125 2903 271 2976 regern,
291 2890 328 2951 et
346 2878 597 2977 interceptum
617 2890 677 2954 est
693 2904 789 2978 opus
811 2877 1118 2952 consecrationis.
1145 2876 1229 2950 Sta-

126 2979 193 3053 tim
222 2990 392 3053 armatus
416 2980 518 3077 regis
547 2981 735 3054 exercitus
764 2978 944 3052 efferatus
973 2977 1228 3071 ostionem,

125 3080 410 3177 inieceruntque
436 3104 571 3154 manus
597 3081 634 3153 in
655 3080 798 3153 clerum
827 3091 865 3153 et
882 3078 1141 3177 spoliaverunt
1159 3100 1228 3151 eos

126 3181 294 3255 vestibus
324 3180 457 3277 saeris,
481 3180 590 3278 quasi
613 3181 691 3279 lupi
723 3191 946 3278 grassantes
979 3178 1077 3252 inter
1103 3178 1228 3251 ovilia.

124 3281 206 3356 Hiis
234 3281 369 3354 auditis
396 3281 555 3354 Romani
581 3292 766 3379 proruunt
792 3284 838 3355 ad
866 3280 1148 3375 obsistendum,
1180 3303 1228 3353 eo

127 3384 225 3479 quod
244 3381 594 3457 viderentiniuriari
614 3382 772 3478 clerum⁷
791 3391 989 3478 ortumque
1009 3390 1068 3452 est
1086 3378 1226 3452 bellum

125 3484 164 3555 in
182 3486 294 3556 domo
321 3483 418 3557 beati
442 3483 540 3556 Petri
558 3483 647 3578 tale,
674 3484 786 3580 quale
812 3506 886 3555 non
916 3490 975 3555 est
993 3479 1160 3554 auditum
1180 3483 1226 3553 ab

126 3584 235 3659 annis
255 3583 428 3681 antiquis.
464 3583 652 3657 Prevaluit
678 3592 804 3656 autem
825 3581 1012 3656 exereitus
1032 3580 1149 3679 regis,
1175 3591 1229 3653 at-

124 3685 383 3781 triveruntque
416 3685 615 3758 Romanos
637 3683 900 3757 interfectione
934 3707 1083 3779 magna,
1100 3681 1229 3777 nimisq

126 3810 198 3859 neo
218 3784 286 3859 fuit
299 3784 474 3859 discretio
490 3784 579 3857 oleri
595 3795 632 3858 et
646 3784 762 3882 vulgi,
786 3782 911 3856 omnia
927 3786 1132 3857 devorante
1147 3780 1225 3877 gla-

127 3921 152 3991 1)
171 3922 189 3976 i.
210 3939 234 3977 e.
260 3921 374 3975 marimo
400 3920 512 3981 bonore,
538 3920 710 3975 verecundia.
754 3917 909 3973 Elieherd.
934 3914 1064 3973 ..11112
1092 3930 1145 3971 rex
1163 3954 1170 3970 .
1188 3955 1195 3969 .
1216 3954 1227 3968 .

125 4010 266 4065 uumqumn
290 3997 347 4049 uiso
371 3995 470 4049 bonore
492 3996 686 4063 percelebravit
711 4031 775 4050 ...
800 3997 928 4047 bomem
956 3987 1153 4058 bononfioenlr'u
1177 4004 1228 4045 re-

126 4072 225 4137 ceptus.
316 4066 343 4138 2)
363 4084 400 4121 ac.
420 4084 446 4119 a.
469 4065 548 4121 1111.
568 4065 648 4121 Febr.
672 4066 713 4119 tn.
753 4063 784 4117 ln
803 4063 941 4118 nonnullis
960 4063 1049 4118 verbis
1068 4063 1135 4115 baec
1155 4078 1227 4115 con-

124 4141 236 4195 veniunt
265 4157 325 4194 oum
355 4137 462 4193 Ottonis
490 4137 605 4209 Frisiog.
634 4137 734 4193 Chron.
749 4135 814 4200 vlt,
840 4155 863 4190 e.
885 4136 934 4191 14:
963 4135 1062 4204 infinito
1090 4140 1229 4190 contracto

125 4219 246 4268 ancile
270 4250 306 4266 ..
332 4214 493 4282 Apenninum
517 4213 680 4268 nuuaeeudr'l
704 4252 711 4267 .
732 4250 739 4265 .
763 4213 801 4264 ud
821 4210 915 4265 Urbem
930 4210 1109 4279 propredtlnr.
1150 4207 1192 4262 ln·
1209 4224 1230 4262 o

125 4287 258 4341 Pusclult-
272 4301 343 4355 papo
370 4302 428 4340 cum
461 4287 532 4339 clero
560 4291 587 4341 el
611 4289 706 4355 populu
734 4285 852 4338 nomano
880 4286 908 4337 tn
934 4284 1001 4337 urbe
1027 4282 1146 4337 Leonum
1170 4296 1230 4336 oum

126 4364 243 4414 monimo
262 4360 375 4428 turpetur
393 4363 545 4427 suscipitur.
982 4429 994 4452 .
