3000 4900
158 446 402 537 nubuntur
420 443 663 522 canentes
680 443 950 521 SLAVORUM.
976 446 1062 520 ΗΒ.
1081 448 1105 521 i.
1162 450 1232 522 129

6 703 10 708 .
127 658 168 721 et
186 657 376 721 commota
395 658 456 721 est
474 647 651 720 universa
668 645 802 742 Bauio,
822 655 859 718 et
878 645 959 720 visa
983 658 1071 722 sunt
1090 671 1229 746 magna

117 748 238 846 signa
257 747 296 820 in
314 749 397 821 celo
411 773 546 822 versus
563 746 797 847 aquilonem,v
814 747 963 844 species
979 747 1086 845 quasi
1102 749 1230 846 ignea·

125 873 210 921 rum
230 849 452 946 facularum,
471 860 509 923 et
527 846 682 922 humani
701 846 846 922 cruoris
861 846 1062 922 similitudo
1078 847 1229 922 rutilan-

124 948 185 1023 tis.
212 949 291 1022 Nec
304 950 520 1024 fefellerunt
533 958 717 1047 portenta.
745 946 839 1036 Quis
855 946 957 1020 enirn
973 946 1121 1045 ignoret
1133 959 1227 1022 stra-

123 1073 195 1146 ges
215 1050 348 1146 factas,
374 1051 493 1123 factas
512 1049 666 1148 inquam
684 1047 721 1121 in
742 1073 788 1121 eo
807 1048 953 1147 prelio?

200 1150 665 1248 Certabatigituruterque
676 1148 1009 1246 regumasciscere
1024 1149 1092 1222 sibi
1110 1149 1226 1222 corni-

122 1257 201 1321 tem
230 1260 422 1346 nostrum,
449 1255 711 1347 miseruntque
741 1251 899 1338 nuncios
932 1273 1018 1322 cum
1046 1249 1223 1345 donariis,

121 1349 229 1446 plura
251 1348 458 1424 offerentes
484 1361 521 1423 et
540 1350 722 1449 ampliora
737 1350 1011 1447 promittentes.
1049 1349 1223 1447 Compla-

119 1449 197 1522 cuit
215 1450 341 1524 comiti
356 1454 401 1524 ad
417 1451 606 1524 Kanutum
617 1450 643 1547 ¹,
662 1451 864 1548 habitoque
880 1449 1065 1548 colloquio
1080 1451 1169 1522 fecit
1188 1451 1221 1522 ei

119 1550 341 1624 hominium.
389 1552 496 1640 Quod
533 1553 674 1625 factum
707 1551 850 1625 zelatus
881 1548 964 1624 est²
994 1549 1133 1647 Suein⁷
1160 1575 1220 1624 as·

119 1661 347 1749 sumptaque
370 1677 484 1725 manu
500 1663 659 1747 armata,
676 1651 850 1725 transivit
863 1651 1129 1749 Wagirensem
1148 1662 1221 1724 ter-

117 1773 214 1847 ram,
230 1753 709 1850 etsuccenditAldenburg,
724 1763 763 1826 et
780 1753 980 1827 demolitus
994 1763 1052 1825 est
1065 1775 1218 1826 omnem

120 1861 261 1924 terram
281 1852 523 1949 maritimam,
542 1864 580 1925 et
593 1853 809 1950 digrediens
823 1853 910 1927 inde
924 1851 1119 1926 succendit
1132 1855 1218 1926 sub·

117 1952 266 2024 urbium
277 1951 827 2052 Sigeberch,etquecunquein
843 1953 997 2026 circuitu
1012 1953 1093 2026 eius
1110 1963 1218 2025 erant

115 2076 234 2125 vorax
263 2054 476 2152 absumpsit
504 2052 669 2127 flamma.
714 2053 832 2128 Huius
868 2064 996 2127 autem
1027 2053 1116 2126 mali
1148 2054 1217 2126 fuit

115 2164 249 2226 auctor
267 2153 466 2228 Ethelerus
486 2155 635 2252 quidam
655 2158 701 2228 de
722 2154 959 2229 Tbetmarsia
979 2150 1125 2250 natus³,
1153 2153 1216 2253 qui

114 2252 253 2326 divitiis
266 2255 458 2327 Danorum
478 2255 710 2350 sublevatus,
733 2278 887 2328 ornnem
907 2257 1042 2328 fortem
1062 2258 1108 2327 de
1129 2255 1216 2327 Hol-

114 2352 213 2426 zatia
228 2353 298 2428 sibi
313 2355 535 2428 sociaverat.
558 2356 769 2453 Factusque
784 2358 916 2436 ductor
930 2355 1045 2453 regis,
1065 2355 1215 2428 volebat
1283 2429 1285 2436 ,

115 2456 293 2529 comitem
321 2458 512 2554 provincia
535 2458 698 2555 pellere,
726 2467 943 2555 terramque
966 2457 1046 2529 eius
1074 2457 1214 2529 addere
1285 2524 1287 2527 .

112 2580 234 2653 regno
252 2558 456 2631 Danorum.
496 2558 604 2646 Quod
631 2559 771 2630 factum
798 2581 883 2631 curn
907 2556 1136 2631 innotuisset
1154 2580 1214 2629 co-

112 2656 208 2754 miri,
232 2658 381 2731 transiit
403 2662 450 2731 ad
478 2660 613 2731 ducem
632 2668 672 2732 ut
688 2668 955 2756 protegeretur
972 2662 1017 2732 ab
1037 2681 1093 2730 eo.
1135 2657 1213 2730 Nec

114 2756 217 2829 enim
238 2758 275 2829 in
291 2759 466 2832 Hoizacia
485 2770 565 2834 tuto
580 2759 790 2833 consistere
805 2770 965 2856 poterat⁷
986 2783 1030 2832 eo
1046 2760 1144 2858 quod
1158 2756 1213 2830 in·

110 2857 325 2931 crevissent
344 2858 544 2933 homines⁴
560 2858 739 2957 Etheleri,
767 2859 829 2958 qui
847 2859 1119 2933 insidiabantur
1135 2858 1211 2932 vite

110 2957 208 3031 eius.
233 2958 456 3059 Quicunque
472 2961 656 3034 voluisset
670 2959 752 3033 fieri
765 2961 880 3033 homo
891 2959 1069 3053 uitiatori,
1084 2959 1210 3031 venie-

110 3062 175 3132 bat
206 3069 245 3130 ut
276 3060 466 3157 acciperet
498 3061 534 3133 in
566 3084 724 3134 munere
756 3061 918 3160 birrum,
953 3060 1115 3158 clipeum
1149 3060 1212 3132 vel

109 3183 265 3257 equum⁷
285 3170 399 3258 atque
417 3162 525 3235 donis
543 3160 760 3235 huiusmodi
781 3171 967 3260 corrupta,
989 3162 1134 3259 repleta
1153 3172 1212 3233 est

108 3268 210 3332 terra
226 3260 428 3335 seditiosis.
451 3261 624 3360 Precepit
637 3262 751 3359 igitur
764 3263 838 3334 dux
853 3261 954 3337 omni
969 3263 1107 3360 populo
1124 3258 1210 3334 Hol-

106 3369 279 3433 zatorum
299 3372 337 3434 et
358 3363 664 3460 sturmariorum,
691 3372 732 3433 ut
755 3362 874 3435 sicubi
892 3363 1030 3461 reperti
1050 3361 1212 3436 fuissent

106 3460 285 3535 homines
299 3463 478 3558 Etheleri,
492 3473 557 3535 aut
570 3462 838 3536 renunciarent
851 3463 1031 3559 hominio,
1049 3472 1114 3535 aut
1127 3476 1210 3561 pro·

107 3560 232 3633 vincia
269 3566 504 3637 secederent.
554 3565 599 3636 Et
633 3563 776 3635 factum
813 3574 872 3637 est
906 3565 969 3660 ita,
1000 3564 1209 3662 iuravitque
1252 3562 1260 3574 ’

106 3661 232 3735 omnis
251 3664 427 3761 populus,
446 3674 548 3737 stare
562 3666 608 3736 ad
624 3667 843 3737 mandatum
858 3665 963 3738 ducis
979 3675 1017 3737 et
1031 3663 1208 3738 obaudire

105 3762 236 3834 comiti
256 3787 337 3837 suo.
383 3764 633 3862 Sociatusque
659 3775 719 3838 est
735 3764 792 3839 vir
818 3766 888 3838 sibi
906 3765 1145 3838 Holzatensis
1170 3764 1206 3835 in

106 3932 133 4005 1)
154 3930 260 3987 Bibiica
281 3934 380 3988 iooutio
400 3944 454 3988 est:
474 3938 619 4004 complacet
637 3940 718 3992 alicui
735 3940 764 3990 in
783 3952 842 4007 quo.
881 3935 922 3990 At
939 3934 1069 3992 Kanutum
1090 3934 1209 3991 Germa-

103 4007 224 4059 nismum
249 4006 335 4078 sapit:
378 4007 566 4078 Woblqesuiien
590 4008 680 4078 finden
704 4024 748 4063 un.
860 4008 887 4079 2)
908 4006 941 4063 V.
960 4026 1018 4079 cap.
1039 4007 1084 4062 65.
1103 4018 1160 4064 not.
1179 4008 1207 4065 3.

103 4079 131 4147 3)
152 4076 195 4132 Da
215 4078 266 4134 boc
285 4079 414 4134 Etbelero
434 4083 512 4137 exule
532 4084 586 4138 rid.
605 4083 684 4136 etiam
704 4079 804 4135 Saron.
822 4078 970 4137 Grammot.
990 4082 1007 4135 1.
1020 4080 1092 4144 XIV,
1106 4100 1132 4154 p.
1143 4082 1206 4137 679.

102 4151 258 4206 Tbetmarsi
286 4152 445 4208 Rotbuiium
476 4155 660 4211 marchionem
688 4154 899 4216 iuterfecerunt;
925 4156 958 4208 ab
988 4153 1108 4209 Henrico
1137 4157 1207 4211 dure

101 4242 169 4278 roro
189 4226 251 4280 victi
272 4227 476 4282 sunta.1148.
515 4227 593 4285 Coni.
614 4228 731 4283 chartam
753 4244 777 4282 a.
800 4226 880 4283 1148.
901 4226 976 4299 Sept.
994 4226 1037 4284 13.
1057 4228 1085 4281 in
1105 4226 1206 4283 Hamb.

101 4295 325 4354 Urkuodonbucb
344 4318 372 4354 u.
394 4298 456 4356 188.
531 4303 558 4373 4)
579 4302 611 4356 V.
631 4320 691 4373 cap.
710 4301 756 4356 49.
777 4320 804 4356 n.
824 4300 869 4355 92.
