<?xml version="1.0" encoding="UTF-8"?>
<!DOCTYPE html PUBLIC "-//W3C//DTD XHTML 1.0 Transitional//EN"
    "http://www.w3.org/TR/xhtml1/DTD/xhtml1-transitional.dtd">
<html xmlns="http://www.w3.org/1999/xhtml" xml:lang="en" lang="en">
 <head>
  <title>
</title>
<meta http-equiv="Content-Type" content="text/html;charset=utf-8" />
  <meta name='ocr-system' content='tesseract 3.04.00' />
  <meta name='ocr-capabilities' content='ocr_page ocr_carea ocr_par ocr_line ocrx_word'/>
</head>
<body>
  <div class='ocr_page' id='page_1' title='image "./helmoldipresbyt00pertgoog_0146.png"; bbox 0 0 3000 4900; ppageno 0'>
   <div class='ocr_carea' id='block_1_1' title="bbox 251 366 1307 446">
    <p class='ocr_par' dir='ltr' id='par_1_1' title="bbox 251 366 1307 446">
     <span class='ocr_line' id='line_1_1' title="bbox 251 366 1307 446; baseline -0.006 1"><span class='ocrx_word' id='word_1_1' title='bbox 251 374 321 446; x_wconf 80' lang='lat'>120</span> <span class='ocrx_word' id='word_1_2' title='bbox 358 367 609 442; x_wconf 83' lang='lat' dir='ltr'>HELMOLDI</span> <span class='ocrx_word' id='word_1_3' title='bbox 624 367 868 442; x_wconf 88' lang='lat' dir='ltr'><strong>CHRONICA</strong></span> <span class='ocrx_word' id='word_1_4' title='bbox 882 368 1148 444; x_wconf 83' lang='lat' dir='ltr'><strong>SLAVORUM.</strong></span> <span class='ocrx_word' id='word_1_5' title='bbox 1176 366 1265 443; x_wconf 91' lang='lat' dir='ltr'><strong>LIB.</strong></span> <span class='ocrx_word' id='word_1_6' title='bbox 1281 368 1307 442; x_wconf 87' lang='lat'>1.</span> 
     </span>
    </p>
   </div>
   <div class='ocr_carea' id='block_1_2' title="bbox 149 569 1366 4087">
    <p class='ocr_par' dir='ltr' id='par_1_2' title="bbox 167 569 1360 2579">
     <span class='ocr_line' id='line_1_2' title="bbox 247 569 1342 669; baseline 0 -25"><span class='ocrx_word' id='word_1_7' title='bbox 247 573 386 645; x_wconf 87' lang='lat' dir='ltr'>nebula</span> <span class='ocrx_word' id='word_1_8' title='bbox 412 569 636 645; x_wconf 87' lang='lat' dir='ltr'>densissima</span> <span class='ocrx_word' id='word_1_9' title='bbox 663 570 859 668; x_wconf 81' lang='lat' dir='ltr'>cooperuit</span> <span class='ocrx_word' id='word_1_10' title='bbox 884 582 1020 667; x_wconf 72' lang='lat' dir='ltr'>castra,</span> <span class='ocrx_word' id='word_1_11' title='bbox 1048 595 1121 669; x_wconf 91' lang='lat' dir='ltr'>qua</span> <span class='ocrx_word' id='word_1_12' title='bbox 1141 569 1342 645; x_wconf 78' lang='lat' dir='ltr'>recedente</span> 
     </span>
     <span class='ocr_line' id='line_1_3' title="bbox 248 671 1342 783; baseline 0 -37"><span class='ocrx_word' id='word_1_13' title='bbox 248 673 423 746; x_wconf 85' lang='lat' dir='ltr'>universa</span> <span class='ocrx_word' id='word_1_14' title='bbox 443 671 677 783; x_wconf 82' lang='lat' dir='ltr'>papilionum</span> <span class='ocrx_word' id='word_1_15' title='bbox 695 671 862 769; x_wconf 83' lang='lat' dir='ltr'>tegmina</span> <span class='ocrx_word' id='word_1_16' title='bbox 887 673 948 745; x_wconf 87' lang='lat' dir='ltr'>vel</span> <span class='ocrx_word' id='word_1_17' title='bbox 975 697 1047 769; x_wconf 88' lang='lat' dir='ltr'>que</span> <span class='ocrx_word' id='word_1_18' title='bbox 1072 676 1140 744; x_wconf 92' lang='lat' dir='ltr'>sub</span> <span class='ocrx_word' id='word_1_19' title='bbox 1160 672 1243 745; x_wconf 92' lang='lat' dir='ltr'>divo</span> <span class='ocrx_word' id='word_1_20' title='bbox 1263 672 1342 746; x_wconf 86' lang='lat' dir='ltr'>fue-</span> 
     </span>
     <span class='ocr_line' id='line_1_4' title="bbox 248 772 1342 884; baseline -0.002 -39"><span class='ocrx_word' id='word_1_21' title='bbox 248 783 346 868; x_wconf 90' lang='lat' dir='ltr'>rant</span> <span class='ocrx_word' id='word_1_22' title='bbox 373 772 466 844; x_wconf 91' lang='lat' dir='ltr'>adeo</span> <span class='ocrx_word' id='word_1_23' title='bbox 495 796 694 884; x_wconf 73' lang='lat' dir='ltr'>sanguine</span> <span class='ocrx_word' id='word_1_24' title='bbox 704 795 880 869; x_wconf 86' lang='lat' dir='ltr'>respersa</span> <span class='ocrx_word' id='word_1_25' title='bbox 906 781 1209 870; x_wconf 82' lang='lat' dir='ltr'>comparuerunt</span> <span class='ocrx_word' id='word_1_26' title='bbox 1242 797 1286 845; x_wconf 92' lang='lat' dir='ltr'>ac</span> <span class='ocrx_word' id='word_1_27' title='bbox 1310 772 1342 844; x_wconf 91' lang='lat' dir='ltr'>si</span> 
     </span>
     <span class='ocr_line' id='line_1_5' title="bbox 249 828 1344 985; baseline -0.001 -40"><span class='ocrx_word' id='word_1_28' title='bbox 249 828 397 972; x_wconf 84' lang='lat' dir='ltr'>nimbus</span> <span class='ocrx_word' id='word_1_29' title='bbox 415 872 480 945; x_wconf 90' lang='lat' dir='ltr'>ille</span> <span class='ocrx_word' id='word_1_30' title='bbox 499 871 723 985; x_wconf 85' lang='lat' dir='ltr'>sanguinem</span> <span class='ocrx_word' id='word_1_31' title='bbox 742 873 976 985; x_wconf 86' lang='lat' dir='ltr'>compluerit.</span> <span class='ocrx_word' id='word_1_32' title='bbox 1011 873 1120 960; x_wconf 84' lang='lat' dir='ltr'>Quod</span> <span class='ocrx_word' id='word_1_33' title='bbox 1133 873 1262 959; x_wconf 84' lang='lat' dir='ltr'>videns</span> <span class='ocrx_word' id='word_1_34' title='bbox 1276 897 1344 946; x_wconf 82' lang='lat' dir='ltr'>rex</span> 
     </span>
     <span class='ocr_line' id='line_1_6' title="bbox 249 971 1344 1085; baseline -0.002 -38"><span class='ocrx_word' id='word_1_35' title='bbox 249 973 440 1070; x_wconf 87' lang='lat' dir='ltr'>ceterique</span> <span class='ocrx_word' id='word_1_36' title='bbox 472 971 684 1085; x_wconf 79' lang='lat' dir='ltr'>principum</span> <span class='ocrx_word' id='word_1_37' title='bbox 720 973 973 1068; x_wconf 86' lang='lat' dir='ltr'>coniecerunt</span> <span class='ocrx_word' id='word_1_38' title='bbox 1010 997 1052 1046; x_wconf 91' lang='lat' dir='ltr'>se</span> <span class='ocrx_word' id='word_1_39' title='bbox 1086 974 1131 1045; x_wconf 90' lang='lat' dir='ltr'>ad</span> <span class='ocrx_word' id='word_1_40' title='bbox 1157 973 1344 1045; x_wconf 85' lang='lat' dir='ltr'>maximos</span> 
     </span>
     <span class='ocr_line' id='line_1_7' title="bbox 249 1073 1347 1170; baseline -0.001 -25"><span class='ocrx_word' id='word_1_41' title='bbox 249 1075 399 1147; x_wconf 90' lang='lat' dir='ltr'>labores</span> <span class='ocrx_word' id='word_1_42' title='bbox 428 1083 466 1146; x_wconf 89' lang='lat' dir='ltr'>et</span> <span class='ocrx_word' id='word_1_43' title='bbox 488 1073 668 1146; x_wconf 86' lang='lat' dir='ltr'>mortium</span> <span class='ocrx_word' id='word_1_44' title='bbox 694 1073 863 1170; x_wconf 89' lang='lat' dir='ltr'>pericula</span> <span class='ocrx_word' id='word_1_45' title='bbox 881 1084 1069 1146; x_wconf 88' lang='lat' dir='ltr'>evocatos.</span> <span class='ocrx_word' id='word_1_46' title='bbox 1106 1075 1183 1147; x_wconf 89' lang='lat' dir='ltr'>Nec</span> <span class='ocrx_word' id='word_1_47' title='bbox 1209 1073 1347 1147; x_wconf 83' lang='lat' dir='ltr'>fefellit</span> 
     </span>
     <span class='ocr_line' id='line_1_8' title="bbox 252 1173 1344 1272; baseline -0.003 -24"><span class='ocrx_word' id='word_1_48' title='bbox 252 1199 318 1248; x_wconf 91' lang='lat' dir='ltr'>eos</span> <span class='ocrx_word' id='word_1_49' title='bbox 343 1173 570 1246; x_wconf 86' lang='lat' dir='ltr'>coniectura.</span> <span class='ocrx_word' id='word_1_50' title='bbox 606 1174 689 1245; x_wconf 86' lang='lat' dir='ltr'>Non</span> <span class='ocrx_word' id='word_1_51' title='bbox 721 1175 821 1247; x_wconf 89' lang='lat' dir='ltr'>enim</span> <span class='ocrx_word' id='word_1_52' title='bbox 848 1175 967 1246; x_wconf 91' lang='lat' dir='ltr'>multo</span> <span class='ocrx_word' id='word_1_53' title='bbox 995 1185 1081 1272; x_wconf 91' lang='lat' dir='ltr'>post</span> <span class='ocrx_word' id='word_1_54' title='bbox 1104 1185 1288 1247; x_wconf 87' lang='lat' dir='ltr'>venerunt</span> <span class='ocrx_word' id='word_1_55' title='bbox 1305 1173 1344 1245; x_wconf 91' lang='lat' dir='ltr'>in</span> 
     </span>
     <span class='ocr_line' id='line_1_9' title="bbox 251 1273 1346 1372; baseline -0.001 -26"><span class='ocrx_word' id='word_1_56' title='bbox 251 1285 433 1347; x_wconf 88' lang='lat' dir='ltr'>montana</span> <span class='ocrx_word' id='word_1_57' title='bbox 447 1275 620 1370; x_wconf 55' lang='lat' dir='ltr'>quedam2</span> <span class='ocrx_word' id='word_1_58' title='bbox 635 1273 710 1366; x_wconf 64' lang='lat' dir='ltr'>ubi,</span> <span class='ocrx_word' id='word_1_59' title='bbox 729 1299 816 1346; x_wconf 87' lang='lat' dir='ltr'>curn</span> <span class='ocrx_word' id='word_1_60' title='bbox 830 1274 1061 1347; x_wconf 86' lang='lat' dir='ltr'>invenissent</span> <span class='ocrx_word' id='word_1_61' title='bbox 1073 1277 1212 1348; x_wconf 89' lang='lat' dir='ltr'>vallem</span> <span class='ocrx_word' id='word_1_62' title='bbox 1227 1274 1346 1372; x_wconf 87' lang='lat' dir='ltr'>pratis</span> 
     </span>
     <span class='ocr_line' id='line_1_10' title="bbox 251 1375 1347 1473; baseline -0.001 -25"><span class='ocrx_word' id='word_1_63' title='bbox 251 1376 407 1473; x_wconf 81' lang='lat' dir='ltr'>rivoque</span> <span class='ocrx_word' id='word_1_64' title='bbox 422 1375 643 1448; x_wconf 80' lang='lat' dir='ltr'>decurrente</span> <span class='ocrx_word' id='word_1_65' title='bbox 657 1376 1017 1472; x_wconf 84' lang='lat' dir='ltr'>commodissimam</span> <span class='ocrx_word' id='word_1_66' title='bbox 1035 1377 1166 1448; x_wconf 90' lang='lat' dir='ltr'>metati</span> <span class='ocrx_word' id='word_1_67' title='bbox 1181 1386 1268 1455; x_wconf 89' lang='lat' dir='ltr'>sunt</span> <span class='ocrx_word' id='word_1_68' title='bbox 1286 1400 1347 1451; x_wconf 85' lang='lat' dir='ltr'>ca-</span> 
     </span>
     <span class='ocr_line' id='line_1_11' title="bbox 253 1431 1347 1549; baseline 0.001 -2.035"><span class='ocrx_word' id='word_1_69' title='bbox 253 1486 331 1548; x_wconf 87' lang='lat' dir='ltr'>stra</span> <span class='ocrx_word' id='word_1_70' title='bbox 272 1476 396 1547; x_wconf 88' lang='lat' dir='ltr'>tad</span> <span class='ocrx_word' id='word_1_71' title='bbox 415 1477 599 1548; x_wconf 88' lang='lat' dir='ltr'>devexum</span> <span class='ocrx_word' id='word_1_72' title='bbox 617 1486 723 1546; x_wconf 90' lang='lat' dir='ltr'>mont</span> <span class='ocrx_word' id='word_1_73' title='bbox 725 1475 756 1546; x_wconf 89' lang='lat' dir='ltr'>is</span> <span class='ocrx_word' id='word_1_74' title='bbox 709 1475 884 1547; x_wconf 89' lang='lat' dir='ltr'>t.latus</span> <span class='ocrx_word' id='word_1_75' title='bbox 939 1431 1052 1547; x_wconf 87' lang='lat' dir='ltr'>Porio</span> <span class='ocrx_word' id='word_1_76' title='bbox 1072 1475 1239 1548; x_wconf 89' lang='lat' dir='ltr'>iumenta</span> <span class='ocrx_word' id='word_1_77' title='bbox 1258 1501 1347 1549; x_wconf 91' lang='lat' dir='ltr'>one·</span> 
     </span>
     <span class='ocr_line' id='line_1_12' title="bbox 252 1573 1347 1673; baseline -0.001 -24"><span class='ocrx_word' id='word_1_78' title='bbox 252 1576 353 1649; x_wconf 90' lang='lat' dir='ltr'>raria</span> <span class='ocrx_word' id='word_1_79' title='bbox 380 1600 467 1647; x_wconf 88' lang='lat' dir='ltr'>curn</span> <span class='ocrx_word' id='word_1_80' title='bbox 495 1573 592 1673; x_wconf 84' lang='lat' dir='ltr'>bigis</span> <span class='ocrx_word' id='word_1_81' title='bbox 620 1585 657 1648; x_wconf 89' lang='lat' dir='ltr'>et</span> <span class='ocrx_word' id='word_1_82' title='bbox 680 1575 871 1673; x_wconf 81' lang='lat' dir='ltr'>quadrigis</span> <span class='ocrx_word' id='word_1_83' title='bbox 902 1575 976 1648; x_wconf 85' lang='lat' dir='ltr'>vict</span> <span class='ocrx_word' id='word_1_84' title='bbox 963 1576 1079 1648; x_wconf 89' lang='lat' dir='ltr'>tualia</span> <span class='ocrx_word' id='word_1_85' title='bbox 1103 1577 1347 1673; x_wconf 87' lang='lat' dir='ltr'>sarcinasque</span> 
     </span>
     <span class='ocr_line' id='line_1_13' title="bbox 252 1675 1347 1773; baseline -0.003 -23"><span class='ocrx_word' id='word_1_86' title='bbox 252 1676 349 1750; x_wconf 87' lang='lat' dir='ltr'>rnilit</span> <span class='ocrx_word' id='word_1_87' title='bbox 335 1687 416 1748; x_wconf 87' lang='lat' dir='ltr'>tum</span> <span class='ocrx_word' id='word_1_88' title='bbox 433 1675 681 1773; x_wconf 71' lang='lat' dir='ltr'>portantibus7</span> <span class='ocrx_word' id='word_1_89' title='bbox 710 1687 968 1748; x_wconf 86' lang='lat' dir='ltr'>armentorum</span> <span class='ocrx_word' id='word_1_90' title='bbox 995 1702 1144 1773; x_wconf 87' lang='lat' dir='ltr'>quoque</span> <span class='ocrx_word' id='word_1_91' title='bbox 1167 1676 1347 1749; x_wconf 90' lang='lat' dir='ltr'>incarnis</span> 
     </span>
     <span class='ocr_line' id='line_1_14' title="bbox 255 1775 1350 1873; baseline -0.003 -22"><span class='ocrx_word' id='word_1_92' title='bbox 255 1801 362 1852; x_wconf 87' lang='lat' dir='ltr'>esum</span> <span class='ocrx_word' id='word_1_93' title='bbox 385 1775 519 1873; x_wconf 84' lang='lat' dir='ltr'>ingens</span> <span class='ocrx_word' id='word_1_94' title='bbox 546 1801 726 1848; x_wconf 88' lang='lat' dir='ltr'>numerus</span> <span class='ocrx_word' id='word_1_95' title='bbox 762 1777 798 1848; x_wconf 93' lang='lat' dir='ltr'>in</span> <span class='ocrx_word' id='word_1_96' title='bbox 833 1776 941 1850; x_wconf 90' lang='lat' dir='ltr'>vallis</span> <span class='ocrx_word' id='word_1_97' title='bbox 965 1777 1130 1850; x_wconf 87' lang='lat' dir='ltr'>medium</span> <span class='ocrx_word' id='word_1_98' title='bbox 1162 1778 1350 1850; x_wconf 84' lang='lat' dir='ltr'>collocata</span> 
     </span>
     <span class='ocr_line' id='line_1_15' title="bbox 254 1878 1349 1974; baseline -0.003 -24"><span class='ocrx_word' id='word_1_99' title='bbox 254 1879 404 1950; x_wconf 88' lang='lat' dir='ltr'>fuerant</span> <span class='ocrx_word' id='word_1_100' title='bbox 429 1901 547 1974; x_wconf 92' lang='lat' dir='ltr'>prope</span> <span class='ocrx_word' id='word_1_101' title='bbox 574 1878 775 1949; x_wconf 87' lang='lat' dir='ltr'>decursum</span> <span class='ocrx_word' id='word_1_102' title='bbox 801 1888 897 1974; x_wconf 92' lang='lat' dir='ltr'>aque</span> <span class='ocrx_word' id='word_1_103' title='bbox 930 1888 967 1950; x_wconf 90' lang='lat' dir='ltr'>et</span> <span class='ocrx_word' id='word_1_104' title='bbox 993 1902 1222 1974; x_wconf 86' lang='lat' dir='ltr'>pascuorum</span> <span class='ocrx_word' id='word_1_105' title='bbox 1248 1900 1349 1950; x_wconf 88' lang='lat' dir='ltr'>com·</span> 
     </span>
     <span class='ocr_line' id='line_1_16' title="bbox 255 1977 1360 2074; baseline -0.001 -24"><span class='ocrx_word' id='word_1_106' title='bbox 255 1978 379 2050; x_wconf 89' lang='lat' dir='ltr'>moda.</span> <span class='ocrx_word' id='word_1_107' title='bbox 424 1977 682 2074; x_wconf 88' lang='lat' dir='ltr'>Appropiante</span> <span class='ocrx_word' id='word_1_108' title='bbox 700 2002 790 2050; x_wconf 91' lang='lat' dir='ltr'>vero</span> <span class='ocrx_word' id='word_1_109' title='bbox 810 1989 920 2051; x_wconf 88' lang='lat' dir='ltr'>noete</span> <span class='ocrx_word' id='word_1_110' title='bbox 940 1980 1066 2050; x_wconf 90' lang='lat' dir='ltr'>audita</span> <span class='ocrx_word' id='word_1_111' title='bbox 1085 1979 1226 2050; x_wconf 88' lang='lat' dir='ltr'>suntin</span> <span class='ocrx_word' id='word_1_112' title='bbox 1244 1993 1360 2050; x_wconf 83' lang='lat' dir='ltr'>mon-&#39;</span> 
     </span>
     <span class='ocr_line' id='line_1_17' title="bbox 254 2077 1351 2177; baseline 0.001 -27"><span class='ocrx_word' id='word_1_113' title='bbox 254 2079 303 2150; x_wconf 92' lang='lat' dir='ltr'>tis</span> <span class='ocrx_word' id='word_1_114' title='bbox 328 2077 529 2174; x_wconf 88' lang='lat' dir='ltr'>supercilio</span> <span class='ocrx_word' id='word_1_115' title='bbox 560 2078 690 2174; x_wconf 89' lang='lat' dir='ltr'>fragor</span> <span class='ocrx_word' id='word_1_116' title='bbox 723 2078 930 2150; x_wconf 90' lang='lat' dir='ltr'>tonitruum</span> <span class='ocrx_word' id='word_1_117' title='bbox 962 2079 1183 2176; x_wconf 85' lang='lat' dir='ltr'>sonitusque</span> <span class='ocrx_word' id='word_1_118' title='bbox 1206 2090 1351 2177; x_wconf 88' lang='lat' dir='ltr'>tempe-</span> 
     </span>
     <span class='ocr_line' id='line_1_18' title="bbox 224 2178 1350 2275; baseline 0 -24"><span class='ocrx_word' id='word_1_119' title='bbox 224 2192 226 2196; x_wconf 71' lang='lat'>‘</span> <span class='ocrx_word' id='word_1_120' title='bbox 256 2179 385 2271; x_wconf 74' lang='lat' dir='ltr'>statis3</span> <span class='ocrx_word' id='word_1_121' title='bbox 412 2188 492 2248; x_wconf 89' lang='lat' dir='ltr'>turn</span> <span class='ocrx_word' id='word_1_122' title='bbox 526 2203 614 2250; x_wconf 88' lang='lat' dir='ltr'>ecce</span> <span class='ocrx_word' id='word_1_123' title='bbox 639 2178 761 2266; x_wconf 86' lang='lat' dir='ltr'>noctis</span> <span class='ocrx_word' id='word_1_124' title='bbox 788 2181 925 2275; x_wconf 70' lang='lat' dir='ltr'>medio7</span> <span class='ocrx_word' id='word_1_125' title='bbox 956 2180 1084 2252; x_wconf 89' lang='lat' dir='ltr'>nescio</span> <span class='ocrx_word' id='word_1_126' title='bbox 1117 2205 1164 2251; x_wconf 90' lang='lat' dir='ltr'>an</span> <span class='ocrx_word' id='word_1_127' title='bbox 1195 2179 1350 2251; x_wconf 91' lang='lat' dir='ltr'>nubium</span> 
     </span>
     <span class='ocr_line' id='line_1_19' title="bbox 258 2277 1353 2376; baseline -0.003 -23"><span class='ocrx_word' id='word_1_128' title='bbox 258 2277 454 2376; x_wconf 87' lang='lat' dir='ltr'>eruptione</span> <span class='ocrx_word' id='word_1_129' title='bbox 472 2279 533 2350; x_wconf 91' lang='lat' dir='ltr'>vel</span> <span class='ocrx_word' id='word_1_130' title='bbox 552 2303 625 2375; x_wconf 95' lang='lat' dir='ltr'>quo</span> <span class='ocrx_word' id='word_1_131' title='bbox 645 2290 781 2351; x_wconf 90' lang='lat' dir='ltr'>eventu</span> <span class='ocrx_word' id='word_1_132' title='bbox 801 2290 947 2352; x_wconf 91' lang='lat' dir='ltr'>torrens</span> <span class='ocrx_word' id='word_1_133' title='bbox 975 2279 1038 2352; x_wconf 85' lang='lat' dir='ltr'>ille</span> <span class='ocrx_word' id='word_1_134' title='bbox 1067 2279 1212 2352; x_wconf 86' lang='lat' dir='ltr'>auctior</span> <span class='ocrx_word' id='word_1_135' title='bbox 1230 2305 1353 2354; x_wconf 91' lang='lat' dir='ltr'>erum-</span> 
     </span>
     <span class='ocr_line' id='line_1_20' title="bbox 256 2378 1353 2493; baseline -0.001 -40"><span class='ocrx_word' id='word_1_136' title='bbox 256 2403 364 2479; x_wconf 70' lang='lat' dir='ltr'>penS,</span> <span class='ocrx_word' id='word_1_137' title='bbox 383 2378 557 2493; x_wconf 83' lang='lat' dir='ltr'>quicquid</span> <span class='ocrx_word' id='word_1_138' title='bbox 581 2379 691 2452; x_wconf 88' lang='lat' dir='ltr'>vallis</span> <span class='ocrx_word' id='word_1_139' title='bbox 713 2380 891 2452; x_wconf 88' lang='lat' dir='ltr'>humilior</span> <span class='ocrx_word' id='word_1_140' title='bbox 917 2381 1084 2453; x_wconf 91' lang='lat' dir='ltr'>habuit</span> <span class='ocrx_word' id='word_1_141' title='bbox 1033 2390 1111 2452; x_wconf 90' lang='lat' dir='ltr'>tm</span> <span class='ocrx_word' id='word_1_142' title='bbox 1137 2381 1353 2454; x_wconf 90' lang='lat' dir='ltr'>hominibus</span> 
     </span>
     <span class='ocr_line' id='line_1_21' title="bbox 167 2480 1352 2579; baseline 0.004 -30"><span class='ocrx_word' id='word_1_143' title='bbox 167 2480 512 2577; x_wconf 69' lang='lat' dir='ltr'>inanimentis</span> <span class='ocrx_word' id='word_1_144' title='bbox 539 2480 577 2551; x_wconf 94' lang='lat' dir='ltr'>in</span> <span class='ocrx_word' id='word_1_145' title='bbox 603 2492 772 2554; x_wconf 84' lang='lat' dir='ltr'>moment</span> <span class='ocrx_word' id='word_1_146' title='bbox 776 2505 796 2552; x_wconf 93' lang='lat' dir='ltr'>o</span> <span class='ocrx_word' id='word_1_147' title='bbox 760 2482 964 2555; x_wconf 82' lang='lat' dir='ltr'>teluitet</span> <span class='ocrx_word' id='word_1_148' title='bbox 950 2481 1352 2579; x_wconf 80' lang='lat' dir='ltr'>tinmareproiecit¹.</span> 
     </span>
    </p>

    <p class='ocr_par' dir='ltr' id='par_1_3' title="bbox 149 2568 1366 4087">
     <span class='ocr_line' id='line_1_22' title="bbox 149 2568 1357 2695; baseline -0.002 -40"><span class='ocrx_word' id='word_1_149' title='bbox 149 2568 207 2641; x_wconf 60' lang='lat' dir='ltr'>SP‘</span> <span class='ocrx_word' id='word_1_150' title='bbox 220 2572 247 2625; x_wconf 79' lang='lat'>⁷·</span> <span class='ocrx_word' id='word_1_151' title='bbox 241 2581 393 2655; x_wconf 85' lang='lat' dir='ltr'>·Hanc</span> <span class='ocrx_word' id='word_1_152' title='bbox 384 2580 452 2678; x_wconf 87' lang='lat' dir='ltr'>igit</span> <span class='ocrx_word' id='word_1_153' title='bbox 454 2606 498 2652; x_wconf 93' lang='lat' dir='ltr'>ur</span> <span class='ocrx_word' id='word_1_154' title='bbox 515 2580 677 2695; x_wconf 86' lang='lat' dir='ltr'>primam</span> <span class='ocrx_word' id='word_1_155' title='bbox 701 2582 887 2655; x_wconf 85' lang='lat' dir='ltr'>exercitus</span> <span class='ocrx_word' id='word_1_156' title='bbox 913 2583 1097 2655; x_wconf 87' lang='lat' dir='ltr'>iacturam</span> <span class='ocrx_word' id='word_1_157' title='bbox 1125 2592 1357 2694; x_wconf 86' lang='lat' dir='ltr'>exceperunt</span> 
     </span>
     <span class='ocr_line' id='line_1_23' title="bbox 258 2681 1354 2780; baseline -0.004 -24"><span class='ocrx_word' id='word_1_158' title='bbox 258 2683 355 2756; x_wconf 88' lang='lat' dir='ltr'>rnilit</span> <span class='ocrx_word' id='word_1_159' title='bbox 341 2692 398 2754; x_wconf 87' lang='lat' dir='ltr'>tes</span> <span class='ocrx_word' id='word_1_160' title='bbox 433 2682 747 2779; x_wconf 79' lang='lat' dir='ltr'>peregrinationis</span> <span class='ocrx_word' id='word_1_161' title='bbox 783 2682 894 2754; x_wconf 87' lang='lat' dir='ltr'>illius.</span> <span class='ocrx_word' id='word_1_162' title='bbox 967 2683 1090 2756; x_wconf 81' lang='lat' dir='ltr'>Ceteri</span> <span class='ocrx_word' id='word_1_163' title='bbox 1119 2684 1181 2780; x_wconf 91' lang='lat' dir='ltr'>qui</span> <span class='ocrx_word' id='word_1_164' title='bbox 1213 2681 1354 2756; x_wconf 88' lang='lat' dir='ltr'>residui</span> 
     </span>
     <span class='ocr_line' id='line_1_24' title="bbox 259 2783 1354 2879; baseline 0 -23"><span class='ocrx_word' id='word_1_165' title='bbox 259 2786 422 2877; x_wconf 69' lang='lat' dir='ltr'>fuerant,</span> <span class='ocrx_word' id='word_1_166' title='bbox 445 2794 692 2879; x_wconf 85' lang='lat' dir='ltr'>perrexerunt</span> <span class='ocrx_word' id='word_1_167' title='bbox 719 2794 829 2879; x_wconf 89' lang='lat' dir='ltr'>cepto</span> <span class='ocrx_word' id='word_1_168' title='bbox 856 2783 1006 2878; x_wconf 72' lang='lat' dir='ltr'>itinere5</span> <span class='ocrx_word' id='word_1_169' title='bbox 1039 2794 1354 2879; x_wconf 86' lang='lat' dir='ltr'>transeuntesque</span> 
     </span>
     <span class='ocr_line' id='line_1_25' title="bbox 262 2883 1356 2981; baseline -0.002 -24"><span class='ocrx_word' id='word_1_170' title='bbox 262 2883 449 2979; x_wconf 51' lang='lat' dir='ltr'>Greciarna</span> <span class='ocrx_word' id='word_1_171' title='bbox 477 2894 731 2981; x_wconf 86' lang='lat' dir='ltr'>pervenerunt</span> <span class='ocrx_word' id='word_1_172' title='bbox 759 2887 804 2956; x_wconf 88' lang='lat' dir='ltr'>ad</span> <span class='ocrx_word' id='word_1_173' title='bbox 830 2884 976 2981; x_wconf 84' lang='lat' dir='ltr'>regiam</span> <span class='ocrx_word' id='word_1_174' title='bbox 995 2887 1125 2957; x_wconf 91' lang='lat' dir='ltr'>urbem</span> <span class='ocrx_word' id='word_1_175' title='bbox 1147 2883 1356 2957; x_wconf 84' lang='lat' dir='ltr'>Constanti-</span> 
     </span>
     <span class='ocr_line' id='line_1_26' title="bbox 260 2983 1355 3082; baseline -0.002 -25"><span class='ocrx_word' id='word_1_176' title='bbox 260 2983 441 3082; x_wconf 88' lang='lat' dir='ltr'>nopolim.</span> <span class='ocrx_word' id='word_1_177' title='bbox 502 2984 585 3069; x_wconf 82' lang='lat' dir='ltr'>Quo</span> <span class='ocrx_word' id='word_1_178' title='bbox 612 3010 680 3082; x_wconf 91' lang='lat' dir='ltr'>per</span> <span class='ocrx_word' id='word_1_179' title='bbox 706 2984 785 3057; x_wconf 91' lang='lat' dir='ltr'>dies</span> <span class='ocrx_word' id='word_1_180' title='bbox 811 2984 955 3079; x_wconf 90' lang='lat' dir='ltr'>aliquot</span> <span class='ocrx_word' id='word_1_181' title='bbox 979 2995 1149 3057; x_wconf 89' lang='lat' dir='ltr'>recreato</span> <span class='ocrx_word' id='word_1_182' title='bbox 1176 2984 1355 3079; x_wconf 68' lang='lat' dir='ltr'>exercitu,</span> 
     </span>
     <span class='ocr_line' id='line_1_27' title="bbox 260 3084 1357 3181; baseline -0.002 -24"><span class='ocrx_word' id='word_1_183' title='bbox 260 3085 508 3157; x_wconf 86' lang='lat' dir='ltr'>veneruntad</span> <span class='ocrx_word' id='word_1_184' title='bbox 528 3086 652 3156; x_wconf 89' lang='lat' dir='ltr'>sinum</span> <span class='ocrx_word' id='word_1_185' title='bbox 671 3085 799 3179; x_wconf 62' lang='lat' dir='ltr'>maris</span> <span class='ocrx_word' id='word_1_186' title='bbox 825 3086 886 3179; x_wconf 92' lang='lat' dir='ltr'>qui</span> <span class='ocrx_word' id='word_1_187' title='bbox 910 3085 1124 3181; x_wconf 88' lang='lat' dir='ltr'>vulgarium</span> <span class='ocrx_word' id='word_1_188' title='bbox 1146 3110 1251 3159; x_wconf 90' lang='lat' dir='ltr'>more</span> <span class='ocrx_word' id='word_1_189' title='bbox 1271 3084 1357 3156; x_wconf 90' lang='lat' dir='ltr'>dici-</span> 
     </span>
     <span class='ocr_line' id='line_1_28' title="bbox 260 3184 1356 3283; baseline 0 -27"><span class='ocrx_word' id='word_1_190' title='bbox 260 3196 323 3256; x_wconf 90' lang='lat' dir='ltr'>tur</span> <span class='ocrx_word' id='word_1_191' title='bbox 347 3184 543 3256; x_wconf 88' lang='lat' dir='ltr'>brachium</span> <span class='ocrx_word' id='word_1_192' title='bbox 569 3184 688 3256; x_wconf 85' lang='lat' dir='ltr'>sancti</span> <span class='ocrx_word' id='word_1_193' title='bbox 715 3185 901 3281; x_wconf 69' lang='lat' dir='ltr'>Georgiit</span> <span class='ocrx_word' id='word_1_194' title='bbox 954 3185 1033 3257; x_wconf 87' lang='lat' dir='ltr'>Illic</span> <span class='ocrx_word' id='word_1_195' title='bbox 1060 3186 1276 3283; x_wconf 90' lang='lat' dir='ltr'>providerat</span> <span class='ocrx_word' id='word_1_196' title='bbox 1302 3184 1356 3260; x_wconf 91' lang='lat' dir='ltr'>eis</span> 
     </span>
     <span class='ocr_line' id='line_1_29' title="bbox 262 3283 1359 3381; baseline -0.001 -24"><span class='ocrx_word' id='word_1_197' title='bbox 262 3310 330 3357; x_wconf 90' lang='lat' dir='ltr'>rex</span> <span class='ocrx_word' id='word_1_198' title='bbox 349 3283 483 3358; x_wconf 89' lang='lat' dir='ltr'>Grecie</span> <span class='ocrx_word' id='word_1_199' title='bbox 502 3310 616 3358; x_wconf 89' lang='lat' dir='ltr'>naves</span> <span class='ocrx_word' id='word_1_200' title='bbox 637 3286 681 3357; x_wconf 88' lang='lat' dir='ltr'>ad</span> <span class='ocrx_word' id='word_1_201' title='bbox 704 3286 1022 3358; x_wconf 89' lang='lat' dir='ltr'>transducendum</span> <span class='ocrx_word' id='word_1_202' title='bbox 1052 3287 1269 3381; x_wconf 78' lang='lat' dir='ltr'>exercitum,</span> <span class='ocrx_word' id='word_1_203' title='bbox 1297 3286 1359 3357; x_wconf 92' lang='lat' dir='ltr'>ad-</span> 
     </span>
     <span class='ocr_line' id='line_1_30' title="bbox 262 3385 1360 3483; baseline -0.001 -25"><span class='ocrx_word' id='word_1_204' title='bbox 262 3386 396 3458; x_wconf 91' lang='lat' dir='ltr'>hibens</span> <span class='ocrx_word' id='word_1_205' title='bbox 415 3385 596 3481; x_wconf 73' lang='lat' dir='ltr'>notarios,</span> <span class='ocrx_word' id='word_1_206' title='bbox 616 3386 678 3483; x_wconf 86' lang='lat' dir='ltr'>qui</span> <span class='ocrx_word' id='word_1_207' title='bbox 698 3386 959 3483; x_wconf 86' lang='lat' dir='ltr'>expeditorum</span> <span class='ocrx_word' id='word_1_208' title='bbox 979 3386 1047 3457; x_wconf 89' lang='lat' dir='ltr'>sibi</span> <span class='ocrx_word' id='word_1_209' title='bbox 1062 3412 1263 3460; x_wconf 87' lang='lat' dir='ltr'>numerum</span> <span class='ocrx_word' id='word_1_210' title='bbox 1277 3410 1360 3482; x_wconf 94' lang='lat' dir='ltr'>per-</span> 
     </span>
     <span class='ocr_line' id='line_1_31' title="bbox 263 3486 1361 3584; baseline -0.001 -26"><span class='ocrx_word' id='word_1_211' title='bbox 263 3488 416 3559; x_wconf 88' lang='lat' dir='ltr'>ferrent.</span> <span class='ocrx_word' id='word_1_212' title='bbox 443 3486 525 3572; x_wconf 83' lang='lat' dir='ltr'>Quo</span> <span class='ocrx_word' id='word_1_213' title='bbox 540 3488 682 3560; x_wconf 89' lang='lat' dir='ltr'>relecto</span> <span class='ocrx_word' id='word_1_214' title='bbox 685 3486 877 3584; x_wconf 89' lang='lat' dir='ltr'>graviter</span> <span class='ocrx_word' id='word_1_215' title='bbox 890 3487 1075 3584; x_wconf 80' lang='lat' dir='ltr'>ingemuit</span> <span class='ocrx_word' id='word_1_216' title='bbox 1093 3497 1130 3561; x_wconf 89' lang='lat' dir='ltr'>et</span> <span class='ocrx_word' id='word_1_217' title='bbox 1145 3487 1212 3560; x_wconf 91' lang='lat' dir='ltr'>ait:</span> <span class='ocrx_word' id='word_1_218' title='bbox 1240 3488 1361 3576; x_wconf 78' lang='lat' dir='ltr'>Quare</span> 
     </span>
     <span class='ocr_line' id='line_1_32' title="bbox 267 3543 1362 3703; baseline 0 -45"><span class='ocrx_word' id='word_1_219' title='bbox 267 3586 375 3659; x_wconf 74' lang='lat' dir='ltr'>eduxi</span> <span class='ocrx_word' id='word_1_220' title='bbox 377 3590 434 3682; x_wconf 77' lang='lat' dir='ltr'>sti,</span> <span class='ocrx_word' id='word_1_221' title='bbox 457 3586 610 3660; x_wconf 84' lang='lat' dir='ltr'>Domine</span> <span class='ocrx_word' id='word_1_222' title='bbox 627 3543 737 3680; x_wconf 68' lang='lat' dir='ltr'>Deio,</span> <span class='ocrx_word' id='word_1_223' title='bbox 752 3587 931 3703; x_wconf 75' lang='lat' dir='ltr'>populum</span> <span class='ocrx_word' id='word_1_224' title='bbox 948 3588 1044 3659; x_wconf 81' lang='lat' dir='ltr'>bunc</span> <span class='ocrx_word' id='word_1_225' title='bbox 1061 3587 1154 3659; x_wconf 82' lang='lat' dir='ltr'>mult</span> <span class='ocrx_word' id='word_1_226' title='bbox 1140 3596 1215 3659; x_wconf 84' lang='lat' dir='ltr'>tum</span> <span class='ocrx_word' id='word_1_227' title='bbox 1241 3587 1285 3659; x_wconf 85' lang='lat' dir='ltr'>de</span> <span class='ocrx_word' id='word_1_228' title='bbox 1309 3612 1362 3659; x_wconf 83' lang='lat' dir='ltr'>se-</span> 
     </span>
     <span class='ocr_line' id='line_1_33' title="bbox 267 3687 1363 3784; baseline 0.001 -25"><span class='ocrx_word' id='word_1_229' title='bbox 267 3644 492 3760; x_wconf 72' lang='lat' dir='ltr'>dibussiiis?</span> <span class='ocrx_word' id='word_1_230' title='bbox 533 3687 616 3760; x_wconf 86' lang='lat' dir='ltr'>Vere</span> <span class='ocrx_word' id='word_1_231' title='bbox 635 3688 846 3761; x_wconf 81' lang='lat' dir='ltr'>brachiooi</span> <span class='ocrx_word' id='word_1_232' title='bbox 848 3692 955 3761; x_wconf 79' lang='lat' dir='ltr'>riutis</span> <span class='ocrx_word' id='word_1_233' title='bbox 978 3696 1036 3761; x_wconf 84' lang='lat' dir='ltr'>tue</span> <span class='ocrx_word' id='word_1_234' title='bbox 1054 3688 1269 3784; x_wconf 81' lang='lat' dir='ltr'>iitadqenu</span> <span class='ocrx_word' id='word_1_235' title='bbox 1244 3691 1363 3760; x_wconf 81' lang='lat' dir='ltr'>utite-</span> 
     </span>
     <span class='ocr_line' id='line_1_34' title="bbox 267 3789 1363 3885; baseline -0.001 -24"><span class='ocrx_word' id='word_1_236' title='bbox 267 3813 350 3861; x_wconf 82' lang='lat' dir='ltr'>rum</span> <span class='ocrx_word' id='word_1_237' title='bbox 380 3789 529 3862; x_wconf 79' lang='lat' dir='ltr'>uideant</span> <span class='ocrx_word' id='word_1_238' title='bbox 513 3796 694 3862; x_wconf 83' lang='lat' dir='ltr'>tterrnm</span> <span class='ocrx_word' id='word_1_239' title='bbox 725 3789 801 3861; x_wconf 79' lang='lat' dir='ltr'>desi</span> <span class='ocrx_word' id='word_1_240' title='bbox 796 3789 1062 3885; x_wconf 27' lang='lat' dir='ltr'>Qderubilemt</span> <span class='ocrx_word' id='word_1_241' title='bbox 1046 3797 1183 3862; x_wconf 84' lang='lat' dir='ltr'>terrum</span> <span class='ocrx_word' id='word_1_242' title='bbox 1213 3792 1363 3885; x_wconf 79' lang='lat' dir='ltr'>inquom</span> 
     </span>
     <span class='ocr_line' id='line_1_35' title="bbox 267 3890 1363 3988; baseline -0.005 -24"><span class='ocrx_word' id='word_1_243' title='bbox 267 3892 469 3964; x_wconf 79' lang='lat' dir='ltr'>nativitatis</span> <span class='ocrx_word' id='word_1_244' title='bbox 495 3914 569 3961; x_wconf 82' lang='lat' dir='ltr'>sue.</span> <span class='ocrx_word' id='word_1_245' title='bbox 622 3891 887 3963; x_wconf 90' lang='lat' dir='ltr'>Transmisso</span> <span class='ocrx_word' id='word_1_246' title='bbox 879 3890 993 3988; x_wconf 85' lang='lat' dir='ltr'>igitur</span> <span class='ocrx_word' id='word_1_247' title='bbox 1014 3890 1121 3984; x_wconf 65' lang='lat' dir='ltr'>rnari7</span> <span class='ocrx_word' id='word_1_248' title='bbox 1143 3890 1363 3964; x_wconf 86' lang='lat' dir='ltr'>Lodewious</span> 
     </span>
     <span class='ocr_line' id='line_1_36' title="bbox 269 3989 1366 4087; baseline -0.003 -24"><span class='ocrx_word' id='word_1_249' title='bbox 269 4017 335 4064; x_wconf 88' lang='lat' dir='ltr'>rex</span> <span class='ocrx_word' id='word_1_250' title='bbox 353 3989 509 4062; x_wconf 87' lang='lat' dir='ltr'>Franeie</span> <span class='ocrx_word' id='word_1_251' title='bbox 536 3991 670 4065; x_wconf 86' lang='lat' dir='ltr'>direxit</span> <span class='ocrx_word' id='word_1_252' title='bbox 692 3992 763 4065; x_wconf 88' lang='lat' dir='ltr'>iter</span> <span class='ocrx_word' id='word_1_253' title='bbox 785 4015 918 4065; x_wconf 90' lang='lat' dir='ltr'>versus</span> <span class='ocrx_word' id='word_1_254' title='bbox 937 3990 1211 4087; x_wconf 71' lang='lat' dir='ltr'>ierosolimarm</span> <span class='ocrx_word' id='word_1_255' title='bbox 1238 4001 1275 4063; x_wconf 91' lang='lat' dir='ltr'>et</span> <span class='ocrx_word' id='word_1_256' title='bbox 1297 4015 1366 4087; x_wconf 81' lang='lat' dir='ltr'>pu-</span> 
     </span>
    </p>
   </div>
   <div class='ocr_carea' id='block_1_3' title="bbox 271 4142 1367 4289">
    <p class='ocr_par' dir='ltr' id='par_1_4' title="bbox 271 4142 1367 4289">
     <span class='ocr_line' id='line_1_37' title="bbox 271 4142 1367 4215; baseline 0.002 -21"><span class='ocrx_word' id='word_1_257' title='bbox 271 4146 296 4212; x_wconf 88' lang='lat'>1)</span> <span class='ocrx_word' id='word_1_258' title='bbox 319 4142 398 4194; x_wconf 84' lang='grc'><strong>1147.</strong></span> <span class='ocrx_word' id='word_1_259' title='bbox 419 4143 523 4212; x_wconf 83' lang='lat' dir='ltr'>Septbr.</span> <span class='ocrx_word' id='word_1_260' title='bbox 538 4144 564 4198; x_wconf 86' lang='lat'>7.</span> <span class='ocrx_word' id='word_1_261' title='bbox 583 4147 653 4215; x_wconf 88' lang='lat' dir='ltr'>apud</span> <span class='ocrx_word' id='word_1_262' title='bbox 674 4143 905 4201; x_wconf 83' lang='lat' dir='ltr'>Choerobacbam.</span> <span class='ocrx_word' id='word_1_263' title='bbox 946 4145 978 4197; x_wconf 91' lang='lat' dir='ltr'>V.</span> <span class='ocrx_word' id='word_1_264' title='bbox 999 4142 1122 4198; x_wconf 85' lang='lat' dir='ltr'>Wiikens</span> <span class='ocrx_word' id='word_1_265' title='bbox 1137 4145 1298 4200; x_wconf 84' lang='lat' dir='ltr'>Geschiohte</span> <span class='ocrx_word' id='word_1_266' title='bbox 1318 4146 1367 4197; x_wconf 86' lang='lat' dir='ltr'>der</span> 
     </span>
     <span class='ocr_line' id='line_1_38' title="bbox 271 4216 1339 4289; baseline 0.002 -20"><span class='ocrx_word' id='word_1_267' title='bbox 271 4217 437 4285; x_wconf 81' lang='lat' dir='ltr'>Kreuzziige.</span> <span class='ocrx_word' id='word_1_268' title='bbox 458 4216 490 4269; x_wconf 89' lang='grc' dir='ltr'>Τ,</span> <span class='ocrx_word' id='word_1_269' title='bbox 505 4216 552 4271; x_wconf 84' lang='grc' dir='ltr'><strong>ΙΙΙ.</strong></span> <span class='ocrx_word' id='word_1_270' title='bbox 574 4237 598 4288; x_wconf 90' lang='lat' dir='ltr'>p.</span> <span class='ocrx_word' id='word_1_271' title='bbox 615 4219 668 4270; x_wconf 80' lang='lat'>122</span> <span class='ocrx_word' id='word_1_272' title='bbox 680 4238 720 4289; x_wconf 90' lang='lat' dir='ltr'>sq.</span> <span class='ocrx_word' id='word_1_273' title='bbox 794 4220 820 4289; x_wconf 77' lang='lat'>2)</span> <span class='ocrx_word' id='word_1_274' title='bbox 841 4220 937 4272; x_wconf 82' lang='lat' dir='ltr'>fretum</span> <span class='ocrx_word' id='word_1_275' title='bbox 958 4219 1028 4272; x_wconf 86' lang='lat' dir='ltr'>inter</span> <span class='ocrx_word' id='word_1_276' title='bbox 1048 4217 1145 4273; x_wconf 85' lang='lat' dir='ltr'>Sostou</span> <span class='ocrx_word' id='word_1_277' title='bbox 1165 4229 1191 4273; x_wconf 87' lang='lat' dir='ltr'>et</span> <span class='ocrx_word' id='word_1_278' title='bbox 1209 4216 1339 4289; x_wconf 81' lang='lat' dir='ltr'>Abydon.</span> 
     </span>
    </p>
   </div>
   <div class='ocr_carea' id='block_1_4' title="bbox 0 0 1527 4900">
    <p class='ocr_par' dir='ltr' id='par_1_5' title="bbox 0 0 1527 4900">
     <span class='ocr_line' id='line_1_39' title="bbox 0 0 1527 4900; baseline 0 0"><span class='ocrx_word' id='word_1_279' title='bbox 0 0 1527 4900; x_wconf 95' lang='lat' dir='ltr'> </span> 
     </span>
    </p>
   </div>
  </div>
 </body>
</html>
