<?xml version="1.0" encoding="UTF-8"?>
<!DOCTYPE html PUBLIC "-//W3C//DTD XHTML 1.0 Transitional//EN"
    "http://www.w3.org/TR/xhtml1/DTD/xhtml1-transitional.dtd">
<html xmlns="http://www.w3.org/1999/xhtml" xml:lang="en" lang="en">
 <head>
  <title>
</title>
<meta http-equiv="Content-Type" content="text/html;charset=utf-8" />
  <meta name='ocr-system' content='tesseract 3.04.00' />
  <meta name='ocr-capabilities' content='ocr_page ocr_carea ocr_par ocr_line ocrx_word'/>
</head>
<body>
  <div class='ocr_page' id='page_1' title='image "./helmoldipresbyt00pertgoog_0100.png"; bbox 0 0 3000 4900; ppageno 0'>
   <div class='ocr_carea' id='block_1_1' title="bbox 257 448 1405 543">
    <p class='ocr_par' dir='ltr' id='par_1_1' title="bbox 257 448 1405 543">
     <span class='ocr_line' id='line_1_1' title="bbox 257 448 1405 543; baseline -0.01 0"><span class='ocrx_word' id='word_1_1' title='bbox 257 469 305 543; x_wconf 79' lang='lat'><strong>82</strong></span> <span class='ocrx_word' id='word_1_2' title='bbox 357 456 603 536; x_wconf 72' lang='lat' dir='ltr'><strong>nubuntur</strong></span> <span class='ocrx_word' id='word_1_3' title='bbox 622 455 865 532; x_wconf 74' lang='lat' dir='ltr'><strong>cultorum</strong></span> <span class='ocrx_word' id='word_1_4' title='bbox 889 455 1157 532; x_wconf 82' lang='lat' dir='ltr'><strong>SLAVORUM.</strong></span> <span class='ocrx_word' id='word_1_5' title='bbox 1184 459 1272 532; x_wconf 84' lang='lat' dir='ltr'><strong>LlB.</strong></span> <span class='ocrx_word' id='word_1_6' title='bbox 1292 458 1316 532; x_wconf 83' lang='lat' dir='ltr'><strong>l.</strong></span> <span class='ocrx_word' id='word_1_7' title='bbox 1401 448 1405 454; x_wconf 66' lang='grc'>’</span> 
     </span>
    </p>
   </div>
   <div class='ocr_carea' id='block_1_2' title="bbox 198 655 1387 3976">
    <p class='ocr_par' dir='ltr' id='par_1_2' title="bbox 198 655 1387 3883">
     <span class='ocr_line' id='line_1_2' title="bbox 259 655 1362 762; baseline -0.006 -21"><span class='ocrx_word' id='word_1_8' title='bbox 259 676 419 762; x_wconf 86' lang='lat' dir='ltr'><strong>rentque</strong></span> <span class='ocrx_word' id='word_1_9' title='bbox 444 660 565 734; x_wconf 80' lang='lat' dir='ltr'>aciem</span> <span class='ocrx_word' id='word_1_10' title='bbox 586 662 632 732; x_wconf 90' lang='lat' dir='ltr'><strong>ad</strong></span> <span class='ocrx_word' id='word_1_11' title='bbox 652 655 918 754; x_wconf 83' lang='lat' dir='ltr'><strong>congressum,</strong></span> <span class='ocrx_word' id='word_1_12' title='bbox 938 660 1077 754; x_wconf 78' lang='lat' dir='ltr'><strong>corruit</strong></span> <span class='ocrx_word' id='word_1_13' title='bbox 1096 660 1157 734; x_wconf 89' lang='lat' dir='ltr'><strong>ille</strong></span> <span class='ocrx_word' id='word_1_14' title='bbox 1178 662 1223 732; x_wconf 90' lang='lat' dir='ltr'><strong>ad</strong></span> <span class='ocrx_word' id='word_1_15' title='bbox 1244 663 1362 759; x_wconf 88' lang='lat' dir='ltr'><strong>pedes</strong></span> 
     </span>
     <span class='ocr_line' id='line_1_3' title="bbox 260 756 1367 869; baseline -0.005 -31"><span class='ocrx_word' id='word_1_16' title='bbox 260 765 440 869; x_wconf 88' lang='lat' dir='ltr'><strong>principis</strong></span> <span class='ocrx_word' id='word_1_17' title='bbox 459 763 608 834; x_wconf 89' lang='lat' dir='ltr'><strong>dicens:</strong></span> <span class='ocrx_word' id='word_1_18' title='bbox 645 757 698 830; x_wconf 83' lang='lat' dir='ltr'><strong>Ne</strong></span> <span class='ocrx_word' id='word_1_19' title='bbox 717 761 906 830; x_wconf 72' lang='lat' dir='ltr'><strong><em>irascatur</em></strong></span> <span class='ocrx_word' id='word_1_20' title='bbox 928 756 1097 834; x_wconf 68' lang='lat' dir='ltr'><strong>domnus</strong></span> <span class='ocrx_word' id='word_1_21' title='bbox 1114 767 1239 834; x_wconf 79' lang='lat' dir='ltr'><strong>noster</strong></span> <span class='ocrx_word' id='word_1_22' title='bbox 1256 776 1367 854; x_wconf 82' lang='lat' dir='ltr'><strong>super</strong></span> 
     </span>
     <span class='ocr_line' id='line_1_4' title="bbox 260 861 1368 958; baseline -0.007 -17"><span class='ocrx_word' id='word_1_23' title='bbox 260 887 385 942; x_wconf 64' lang='lat' dir='ltr'><strong>navos</strong></span> <span class='ocrx_word' id='word_1_24' title='bbox 409 886 509 937; x_wconf 79' lang='lat' dir='ltr'><strong>suos.</strong></span> <span class='ocrx_word' id='word_1_25' title='bbox 551 861 644 934; x_wconf 83' lang='lat' dir='ltr'><strong>Ecce</strong></span> <span class='ocrx_word' id='word_1_26' title='bbox 669 867 773 932; x_wconf 79' lang='lat' dir='ltr'><strong>terra</strong></span> <span class='ocrx_word' id='word_1_27' title='bbox 794 861 834 931; x_wconf 84' lang='lat' dir='ltr'><strong>in</strong></span> <span class='ocrx_word' id='word_1_28' title='bbox 856 868 1051 953; x_wconf 79' lang='lat' dir='ltr'><strong>conspeetu</strong></span> <span class='ocrx_word' id='word_1_29' title='bbox 1080 869 1144 935; x_wconf 85' lang='lat' dir='ltr'><strong>tuo</strong></span> <span class='ocrx_word' id='word_1_30' title='bbox 1172 870 1237 958; x_wconf 81' lang='lat' dir='ltr'><strong>est,</strong></span> <span class='ocrx_word' id='word_1_31' title='bbox 1265 869 1368 935; x_wconf 80' lang='lat' dir='ltr'><strong>utere</strong></span> 
     </span>
     <span class='ocr_line' id='line_1_5' title="bbox 262 962 1369 1060; baseline -0.005 -18"><span class='ocrx_word' id='word_1_32' title='bbox 262 993 307 1043; x_wconf 86' lang='lat' dir='ltr'><strong>eu</strong></span> <span class='ocrx_word' id='word_1_33' title='bbox 324 965 480 1060; x_wconf 82' lang='lat' dir='ltr'><strong>utlibet,</strong></span> <span class='ocrx_word' id='word_1_34' title='bbox 499 963 680 1036; x_wconf 77' lang='lat' dir='ltr'><strong>omousia</strong></span> <span class='ocrx_word' id='word_1_35' title='bbox 691 982 806 1032; x_wconf 85' lang='lat' dir='ltr'><strong>mauu</strong></span> <span class='ocrx_word' id='word_1_36' title='bbox 817 967 887 1032; x_wconf 80' lang='lat' dir='ltr'><strong>tua</strong></span> <span class='ocrx_word' id='word_1_37' title='bbox 900 983 1026 1034; x_wconf 83' lang='lat' dir='ltr'><strong>sumus</strong></span> <span class='ocrx_word' id='word_1_38' title='bbox 1034 990 1049 1056; x_wconf 76' lang='lat'><strong>,-</strong></span> <span class='ocrx_word' id='word_1_39' title='bbox 1067 962 1239 1060; x_wconf 83' lang='lat' dir='ltr'><strong>quicquid</strong></span> <span class='ocrx_word' id='word_1_40' title='bbox 1252 966 1369 1056; x_wconf 76' lang='lat' dir='ltr'><strong>tmpo-</strong></span> 
     </span>
     <span class='ocr_line' id='line_1_6' title="bbox 263 1060 1368 1162; baseline -0.007 -20"><span class='ocrx_word' id='word_1_41' title='bbox 263 1069 380 1144; x_wconf 83' lang='lat' dir='ltr'><strong>cueris</strong></span> <span class='ocrx_word' id='word_1_42' title='bbox 406 1069 575 1156; x_wconf 72' lang='lat' dir='ltr'><strong>feremus.</strong></span> <span class='ocrx_word' id='word_1_43' title='bbox 621 1061 792 1151; x_wconf 83' lang='lat' dir='ltr'><strong>Quatuor</strong></span> <span class='ocrx_word' id='word_1_44' title='bbox 819 1060 933 1158; x_wconf 78' lang='lat' dir='ltr'><strong>igitur</strong></span> <span class='ocrx_word' id='word_1_45' title='bbox 959 1063 1107 1136; x_wconf 89' lang='lat' dir='ltr'><strong>milibus</strong></span> <span class='ocrx_word' id='word_1_46' title='bbox 1136 1074 1173 1136; x_wconf 87' lang='lat' dir='ltr'><strong>et</strong></span> <span class='ocrx_word' id='word_1_47' title='bbox 1193 1063 1368 1162; x_wconf 86' lang='lat' dir='ltr'><strong>quadrin-</strong></span> 
     </span>
     <span class='ocr_line' id='line_1_7' title="bbox 264 1161 1368 1269; baseline -0.005 -28"><span class='ocrx_word' id='word_1_48' title='bbox 264 1169 389 1269; x_wconf 81' lang='lat' dir='ltr'><strong>gentis</strong></span> <span class='ocrx_word' id='word_1_49' title='bbox 424 1164 562 1237; x_wconf 89' lang='lat' dir='ltr'><strong>marcis</strong></span> <span class='ocrx_word' id='word_1_50' title='bbox 590 1185 723 1261; x_wconf 88' lang='lat' dir='ltr'><strong>pacem</strong></span> <span class='ocrx_word' id='word_1_51' title='bbox 752 1161 934 1260; x_wconf 87' lang='lat' dir='ltr'><strong>indempti</strong></span> <span class='ocrx_word' id='word_1_52' title='bbox 965 1163 1090 1261; x_wconf 66' lang='lat' dir='ltr'><strong>sunu,</strong></span> <span class='ocrx_word' id='word_1_53' title='bbox 1125 1165 1368 1262; x_wconf 83' lang='lat' dir='ltr'>acceptisque</span> 
     </span>
     <span class='ocr_line' id='line_1_8' title="bbox 266 1261 1369 1359; baseline -0.005 -18"><span class='ocrx_word' id='word_1_54' title='bbox 266 1268 457 1344; x_wconf 85' lang='lat' dir='ltr'><strong>obsidibus</strong></span> <span class='ocrx_word' id='word_1_55' title='bbox 484 1264 683 1338; x_wconf 88' lang='lat' dir='ltr'><strong>Heinricus</strong></span> <span class='ocrx_word' id='word_1_56' title='bbox 711 1261 747 1333; x_wconf 91' lang='lat' dir='ltr'><strong>in</strong></span> <span class='ocrx_word' id='word_1_57' title='bbox 780 1271 920 1334; x_wconf 86' lang='lat' dir='ltr'><strong>terram</strong></span> <span class='ocrx_word' id='word_1_58' title='bbox 952 1285 1070 1336; x_wconf 87' lang='lat' dir='ltr'><strong>snam·</strong></span> <span class='ocrx_word' id='word_1_59' title='bbox 1091 1288 1269 1338; x_wconf 89' lang='lat' dir='ltr'><strong>reversus</strong></span> <span class='ocrx_word' id='word_1_60' title='bbox 1297 1274 1369 1359; x_wconf 91' lang='lat' dir='ltr'><strong>est,</strong></span> 
     </span>
     <span class='ocr_line' id='line_1_9' title="bbox 265 1362 1372 1464; baseline -0.006 -21"><span class='ocrx_word' id='word_1_61' title='bbox 265 1362 480 1464; x_wconf 79' lang='lat' dir='ltr'><strong>dimisitque</strong></span> <span class='ocrx_word' id='word_1_62' title='bbox 507 1365 714 1438; x_wconf 86' lang='lat' dir='ltr'><strong>exercitum</strong></span> <span class='ocrx_word' id='word_1_63' title='bbox 742 1386 1051 1464; x_wconf 88' lang='lat' dir='ltr'><strong>unumquemque</strong></span> <span class='ocrx_word' id='word_1_64' title='bbox 1087 1366 1123 1438; x_wconf 92' lang='lat' dir='ltr'><strong>in</strong></span> <span class='ocrx_word' id='word_1_65' title='bbox 1150 1390 1228 1440; x_wconf 91' lang='lat' dir='ltr'><strong>sua.</strong></span> <span class='ocrx_word' id='word_1_66' title='bbox 1270 1365 1372 1438; x_wconf 82' lang='lat' dir='ltr'><strong>Misit</strong></span> 
     </span>
     <span class='ocr_line' id='line_1_10' title="bbox 266 1463 1370 1566; baseline -0.005 -23"><span class='ocrx_word' id='word_1_67' title='bbox 266 1481 392 1544; x_wconf 87' lang='lat' dir='ltr'><strong>autern</strong></span> <span class='ocrx_word' id='word_1_68' title='bbox 414 1465 570 1540; x_wconf 88' lang='lat' dir='ltr'><strong>nuncios</strong></span> <span class='ocrx_word' id='word_1_69' title='bbox 596 1465 633 1536; x_wconf 92' lang='lat' dir='ltr'><strong>in</strong></span> <span class='ocrx_word' id='word_1_70' title='bbox 651 1476 793 1537; x_wconf 88' lang='lat' dir='ltr'><strong>terram</strong></span> <span class='ocrx_word' id='word_1_71' title='bbox 812 1463 1069 1560; x_wconf 82' lang='lat' dir='ltr'><strong>Rugianorum</strong></span> <span class='ocrx_word' id='word_1_72' title='bbox 1095 1469 1139 1538; x_wconf 92' lang='lat' dir='ltr'><strong>ad</strong></span> <span class='ocrx_word' id='word_1_73' title='bbox 1161 1466 1370 1566; x_wconf 87' lang='lat' dir='ltr'><strong>suscipien-</strong></span> 
     </span>
     <span class='ocr_line' id='line_1_11' title="bbox 267 1564 1372 1666; baseline -0.005 -21"><span class='ocrx_word' id='word_1_74' title='bbox 267 1575 353 1645; x_wconf 91' lang='lat' dir='ltr'><strong>dam</strong></span> <span class='ocrx_word' id='word_1_75' title='bbox 369 1567 570 1666; x_wconf 88' lang='lat' dir='ltr'><strong>pecuniam</strong></span> <span class='ocrx_word' id='word_1_76' title='bbox 585 1589 698 1663; x_wconf 89' lang='lat' dir='ltr'><strong>quam</strong></span> <span class='ocrx_word' id='word_1_77' title='bbox 714 1564 978 1661; x_wconf 74' lang='lat' dir='ltr'><strong>promiserant.</strong></span> <span class='ocrx_word' id='word_1_78' title='bbox 1001 1567 1113 1640; x_wconf 89' lang='lat' dir='ltr'><strong>Porro</strong></span> <span class='ocrx_word' id='word_1_79' title='bbox 1130 1571 1228 1664; x_wconf 89' lang='lat' dir='ltr'><strong>apud</strong></span> <span class='ocrx_word' id='word_1_80' title='bbox 1243 1568 1372 1641; x_wconf 81' lang='lat' dir='ltr'><strong>Ranos</strong></span> 
     </span>
     <span class='ocr_line' id='line_1_12' title="bbox 267 1664 1370 1766; baseline -0.003 -22"><span class='ocrx_word' id='word_1_81' title='bbox 267 1664 343 1744; x_wconf 88' lang='lat' dir='ltr'><strong>non</strong></span> <span class='ocrx_word' id='word_1_82' title='bbox 364 1671 525 1742; x_wconf 87' lang='lat' dir='ltr'><strong>babetur</strong></span> <span class='ocrx_word' id='word_1_83' title='bbox 551 1676 718 1759; x_wconf 88' lang='lat' dir='ltr'><strong>moneta,</strong></span> <span class='ocrx_word' id='word_1_84' title='bbox 745 1687 816 1736; x_wconf 91' lang='lat' dir='ltr'><strong>nec</strong></span> <span class='ocrx_word' id='word_1_85' title='bbox 836 1675 895 1738; x_wconf 89' lang='lat' dir='ltr'><strong>est</strong></span> <span class='ocrx_word' id='word_1_86' title='bbox 915 1667 952 1736; x_wconf 88' lang='lat' dir='ltr'><strong>in</strong></span> <span class='ocrx_word' id='word_1_87' title='bbox 974 1669 1237 1766; x_wconf 79' lang='lat' dir='ltr'><strong>comparandis</strong></span> <span class='ocrx_word' id='word_1_88' title='bbox 1257 1673 1370 1741; x_wconf 88' lang='lat' dir='ltr'><strong>rebus</strong></span> 
     </span>
     <span class='ocr_line' id='line_1_13' title="bbox 268 1767 1372 1865; baseline -0.004 -21"><span class='ocrx_word' id='word_1_89' title='bbox 268 1791 512 1844; x_wconf 89' lang='lat' dir='ltr'><strong>nummorum</strong></span> <span class='ocrx_word' id='word_1_90' title='bbox 527 1769 775 1860; x_wconf 89' lang='lat' dir='ltr'><strong>consuetudo,</strong></span> <span class='ocrx_word' id='word_1_91' title='bbox 793 1768 858 1837; x_wconf 87' lang='lat' dir='ltr'><strong>sed</strong></span> <span class='ocrx_word' id='word_1_92' title='bbox 874 1767 1047 1865; x_wconf 88' lang='lat' dir='ltr'><strong>quicquid</strong></span> <span class='ocrx_word' id='word_1_93' title='bbox 1063 1768 1100 1838; x_wconf 88' lang='lat' dir='ltr'><strong>in</strong></span> <span class='ocrx_word' id='word_1_94' title='bbox 1115 1767 1195 1841; x_wconf 84' lang='lat' dir='ltr'><strong>foro</strong></span> <span class='ocrx_word' id='word_1_95' title='bbox 1212 1768 1372 1841; x_wconf 87' lang='lat' dir='ltr'><strong>mercari</strong></span> 
     </span>
     <span class='ocr_line' id='line_1_14' title="bbox 269 1866 1374 1967; baseline -0.005 -22"><span class='ocrx_word' id='word_1_96' title='bbox 269 1870 449 1964; x_wconf 86' lang='lat' dir='ltr'><strong>volueris,</strong></span> <span class='ocrx_word' id='word_1_97' title='bbox 467 1891 594 1967; x_wconf 89' lang='lat' dir='ltr'><strong>panno</strong></span> <span class='ocrx_word' id='word_1_98' title='bbox 614 1866 713 1939; x_wconf 91' lang='lat' dir='ltr'><strong>lineo</strong></span> <span class='ocrx_word' id='word_1_99' title='bbox 733 1867 981 1963; x_wconf 87' lang='lat' dir='ltr'><strong>comparabis.</strong></span> <span class='ocrx_word' id='word_1_100' title='bbox 1018 1868 1159 1941; x_wconf 89' lang='lat' dir='ltr'><strong>Aurum</strong></span> <span class='ocrx_word' id='word_1_101' title='bbox 1181 1880 1219 1942; x_wconf 88' lang='lat' dir='ltr'><strong>et</strong></span> <span class='ocrx_word' id='word_1_102' title='bbox 1238 1893 1374 1966; x_wconf 80' lang='lat' dir='ltr'><strong>argen-</strong></span> 
     </span>
     <span class='ocr_line' id='line_1_15' title="bbox 268 1967 1372 2068; baseline -0.004 -23"><span class='ocrx_word' id='word_1_103' title='bbox 268 1985 349 2045; x_wconf 91' lang='lat' dir='ltr'><strong>tum</strong></span> <span class='ocrx_word' id='word_1_104' title='bbox 364 1971 462 2068; x_wconf 90' lang='lat' dir='ltr'><strong>quod</strong></span> <span class='ocrx_word' id='word_1_105' title='bbox 478 1969 573 2041; x_wconf 84' lang='lat' dir='ltr'><strong>forte</strong></span> <span class='ocrx_word' id='word_1_106' title='bbox 589 1991 658 2063; x_wconf 91' lang='lat' dir='ltr'><strong>per</strong></span> <span class='ocrx_word' id='word_1_107' title='bbox 676 1967 829 2064; x_wconf 88' lang='lat' dir='ltr'><strong>rapinas</strong></span> <span class='ocrx_word' id='word_1_108' title='bbox 841 1977 878 2038; x_wconf 90' lang='lat' dir='ltr'><strong>et</strong></span> <span class='ocrx_word' id='word_1_109' title='bbox 888 1968 1082 2066; x_wconf 90' lang='lat' dir='ltr'><strong>captiones</strong></span> <span class='ocrx_word' id='word_1_110' title='bbox 1100 1970 1295 2042; x_wconf 88' lang='lat' dir='ltr'><strong>bominum</strong></span> <span class='ocrx_word' id='word_1_111' title='bbox 1311 1969 1372 2042; x_wconf 91' lang='lat' dir='ltr'><strong>vel</strong></span> 
     </span>
     <span class='ocr_line' id='line_1_16' title="bbox 271 2067 1374 2167; baseline -0.003 -22"><span class='ocrx_word' id='word_1_112' title='bbox 271 2075 520 2167; x_wconf 86' lang='lat' dir='ltr'><strong>undecunque</strong></span> <span class='ocrx_word' id='word_1_113' title='bbox 545 2067 671 2166; x_wconf 84' lang='lat' dir='ltr'><strong>adepti</strong></span> <span class='ocrx_word' id='word_1_114' title='bbox 697 2077 798 2162; x_wconf 81' lang='lat' dir='ltr'><strong>sum,</strong></span> <span class='ocrx_word' id='word_1_115' title='bbox 826 2078 889 2139; x_wconf 90' lang='lat' dir='ltr'><strong>aut</strong></span> <span class='ocrx_word' id='word_1_116' title='bbox 916 2093 1074 2141; x_wconf 88' lang='lat' dir='ltr'><strong>uxorum</strong></span> <span class='ocrx_word' id='word_1_117' title='bbox 1096 2095 1249 2143; x_wconf 88' lang='lat' dir='ltr'><strong>suarum</strong></span> <span class='ocrx_word' id='word_1_118' title='bbox 1271 2071 1374 2144; x_wconf 88' lang='lat' dir='ltr'><strong>culti·</strong></span> 
     </span>
     <span class='ocr_line' id='line_1_17' title="bbox 270 2167 1375 2268; baseline -0.005 -21"><span class='ocrx_word' id='word_1_119' title='bbox 270 2179 340 2248; x_wconf 91' lang='lat' dir='ltr'><strong>bus</strong></span> <span class='ocrx_word' id='word_1_120' title='bbox 365 2172 607 2268; x_wconf 88' lang='lat' dir='ltr'><strong>impendunt,</strong></span> <span class='ocrx_word' id='word_1_121' title='bbox 635 2167 756 2240; x_wconf 92' lang='lat' dir='ltr'><strong>autin</strong></span> <span class='ocrx_word' id='word_1_122' title='bbox 781 2169 942 2241; x_wconf 90' lang='lat' dir='ltr'><strong>erarium</strong></span> <span class='ocrx_word' id='word_1_123' title='bbox 971 2170 1029 2242; x_wconf 88' lang='lat' dir='ltr'><strong>dei</strong></span> <span class='ocrx_word' id='word_1_124' title='bbox 1056 2171 1113 2244; x_wconf 89' lang='lat' dir='ltr'><strong>sui</strong></span> <span class='ocrx_word' id='word_1_125' title='bbox 1143 2169 1375 2245; x_wconf 64' lang='lat' dir='ltr'><strong>conferuntl.</strong></span> 
     </span>
     <span class='ocr_line' id='line_1_18' title="bbox 273 2267 1374 2369; baseline -0.003 -22"><span class='ocrx_word' id='word_1_126' title='bbox 273 2271 402 2366; x_wconf 80' lang='lat' dir='ltr'><strong>Posuit</strong></span> <span class='ocrx_word' id='word_1_127' title='bbox 428 2269 541 2367; x_wconf 83' lang='lat' dir='ltr'><strong>igitur</strong></span> <span class='ocrx_word' id='word_1_128' title='bbox 567 2269 623 2341; x_wconf 88' lang='lat' dir='ltr'><strong>eis</strong></span> <span class='ocrx_word' id='word_1_129' title='bbox 641 2267 840 2342; x_wconf 88' lang='lat' dir='ltr'><strong>Heinricus</strong></span> <span class='ocrx_word' id='word_1_130' title='bbox 864 2269 901 2340; x_wconf 90' lang='lat' dir='ltr'><strong>in</strong></span> <span class='ocrx_word' id='word_1_131' title='bbox 930 2272 1163 2369; x_wconf 80' lang='lat' dir='ltr'><strong>appensione</strong></span> <span class='ocrx_word' id='word_1_132' title='bbox 1191 2283 1374 2345; x_wconf 87' lang='lat' dir='ltr'><strong>stateram</strong></span> 
     </span>
     <span class='ocr_line' id='line_1_19' title="bbox 272 2369 1375 2473; baseline 0 -29"><span class='ocrx_word' id='word_1_133' title='bbox 272 2370 488 2473; x_wconf 83' lang='lat' dir='ltr'><strong>gravissimi</strong></span> <span class='ocrx_word' id='word_1_134' title='bbox 504 2369 693 2470; x_wconf 88' lang='lat' dir='ltr'><strong>ponderis.</strong></span> <span class='ocrx_word' id='word_1_135' title='bbox 730 2371 901 2467; x_wconf 86' lang='lat' dir='ltr'><strong>Cumque</strong></span> <span class='ocrx_word' id='word_1_136' title='bbox 922 2371 1191 2446; x_wconf 84' lang='lat' dir='ltr'><strong>exhausissent</strong></span> <span class='ocrx_word' id='word_1_137' title='bbox 1211 2373 1375 2446; x_wconf 88' lang='lat' dir='ltr'><strong>erarium</strong></span> 
     </span>
     <span class='ocr_line' id='line_1_20' title="bbox 198 2470 1378 2574; baseline -0.002 -27"><span class='ocrx_word' id='word_1_138' title='bbox 198 2565 202 2571; x_wconf 20' lang='grc' dir='ltr'>Ι</span> <span class='ocrx_word' id='word_1_139' title='bbox 271 2474 463 2574; x_wconf 90' lang='lat' dir='ltr'><strong>publicum</strong></span> <span class='ocrx_word' id='word_1_140' title='bbox 489 2482 525 2545; x_wconf 90' lang='lat' dir='ltr'><strong>et</strong></span> <span class='ocrx_word' id='word_1_141' title='bbox 550 2470 722 2569; x_wconf 88' lang='lat' dir='ltr'><strong>quicquid</strong></span> <span class='ocrx_word' id='word_1_142' title='bbox 755 2470 792 2543; x_wconf 89' lang='lat' dir='ltr'><strong>in</strong></span> <span class='ocrx_word' id='word_1_143' title='bbox 824 2470 980 2568; x_wconf 89' lang='lat' dir='ltr'><strong>privatis</strong></span> <span class='ocrx_word' id='word_1_144' title='bbox 1009 2474 1086 2547; x_wconf 90' lang='lat' dir='ltr'><strong>suis</strong></span> <span class='ocrx_word' id='word_1_145' title='bbox 1121 2476 1200 2547; x_wconf 90' lang='lat' dir='ltr'><strong>auri</strong></span> <span class='ocrx_word' id='word_1_146' title='bbox 1229 2476 1289 2548; x_wconf 89' lang='lat' dir='ltr'><strong>vel</strong></span> <span class='ocrx_word' id='word_1_147' title='bbox 1319 2499 1378 2546; x_wconf 86' lang='lat' dir='ltr'><strong>ar-</strong></span> 
     </span>
     <span class='ocr_line' id='line_1_21' title="bbox 274 2571 1378 2673; baseline 0 -26"><span class='ocrx_word' id='word_1_148' title='bbox 274 2574 378 2673; x_wconf 82' lang='lat' dir='ltr'><strong>genti</strong></span> <span class='ocrx_word' id='word_1_149' title='bbox 397 2575 619 2669; x_wconf 73' lang='lat' dir='ltr'><strong>habuerant,</strong></span> <span class='ocrx_word' id='word_1_150' title='bbox 639 2572 698 2643; x_wconf 85' lang='lat' dir='ltr'><strong>vix</strong></span> <span class='ocrx_word' id='word_1_151' title='bbox 719 2571 963 2645; x_wconf 88' lang='lat' dir='ltr'><strong>medietatem</strong></span> <span class='ocrx_word' id='word_1_152' title='bbox 982 2576 1259 2672; x_wconf 87' lang='lat' dir='ltr'><strong>persolverunt,</strong></span> <span class='ocrx_word' id='word_1_153' title='bbox 1284 2585 1378 2673; x_wconf 88' lang='lat' dir='ltr'><strong>puto</strong></span> 
     </span>
     <span class='ocr_line' id='line_1_22' title="bbox 275 2671 1376 2774; baseline 0 -25"><span class='ocrx_word' id='word_1_154' title='bbox 275 2687 415 2749; x_wconf 88' lang='lat' dir='ltr'><strong>statera</strong></span> <span class='ocrx_word' id='word_1_155' title='bbox 444 2672 575 2747; x_wconf 85' lang='lat' dir='ltr'><strong>delusi.</strong></span> <span class='ocrx_word' id='word_1_156' title='bbox 621 2671 877 2759; x_wconf 82' lang='lat' dir='ltr'><strong>Quamobrem</strong></span> <span class='ocrx_word' id='word_1_157' title='bbox 906 2675 1021 2748; x_wconf 88' lang='lat' dir='ltr'><strong>iratus</strong></span> <span class='ocrx_word' id='word_1_158' title='bbox 1041 2675 1253 2771; x_wconf 89' lang='lat' dir='ltr'><strong>Heinricus,</strong></span> <span class='ocrx_word' id='word_1_159' title='bbox 1277 2678 1376 2774; x_wconf 90' lang='lat' dir='ltr'><strong>quod</strong></span> 
     </span>
     <span class='ocr_line' id='line_1_23' title="bbox 275 2772 1379 2876; baseline 0 -27"><span class='ocrx_word' id='word_1_160' title='bbox 275 2774 464 2875; x_wconf 84' lang='lat' dir='ltr'><strong>promissa</strong></span> <span class='ocrx_word' id='word_1_161' title='bbox 490 2797 535 2846; x_wconf 88' lang='lat' dir='ltr'><strong>ex</strong></span> <span class='ocrx_word' id='word_1_162' title='bbox 562 2772 711 2869; x_wconf 82' lang='lat' dir='ltr'><strong>integro</strong></span> <span class='ocrx_word' id='word_1_163' title='bbox 738 2797 814 2845; x_wconf 91' lang='lat' dir='ltr'><strong>non</strong></span> <span class='ocrx_word' id='word_1_164' title='bbox 840 2776 1127 2871; x_wconf 70' lang='lat' dir='ltr'><strong>persolvissent,</strong></span> <span class='ocrx_word' id='word_1_165' title='bbox 1154 2778 1300 2876; x_wconf 88' lang='lat' dir='ltr'><strong>paravit</strong></span> <span class='ocrx_word' id='word_1_166' title='bbox 1319 2801 1379 2851; x_wconf 89' lang='lat' dir='ltr'><strong>se·</strong></span> 
     </span>
     <span class='ocr_line' id='line_1_24' title="bbox 276 2873 1383 2974; baseline 0 -25"><span class='ocrx_word' id='word_1_167' title='bbox 276 2879 437 2950; x_wconf 86' lang='lat' dir='ltr'><strong>condam</strong></span> <span class='ocrx_word' id='word_1_168' title='bbox 458 2873 729 2972; x_wconf 85' lang='lat' dir='ltr'><strong>protectionem</strong></span> <span class='ocrx_word' id='word_1_169' title='bbox 747 2873 785 2945; x_wconf 91' lang='lat' dir='ltr'><strong>in</strong></span> <span class='ocrx_word' id='word_1_170' title='bbox 809 2884 950 2947; x_wconf 86' lang='lat' dir='ltr'><strong>terram</strong></span> <span class='ocrx_word' id='word_1_171' title='bbox 970 2877 1238 2974; x_wconf 81' lang='lat' dir='ltr'><strong>Rugianorum.</strong></span> <span class='ocrx_word' id='word_1_172' title='bbox 1274 2878 1383 2951; x_wconf 84' lang='lat' dir='ltr'><strong>Acci·</strong></span> 
     </span>
     <span class='ocr_line' id='line_1_25' title="bbox 275 2973 1382 3077; baseline 0 -27"><span class='ocrx_word' id='word_1_173' title='bbox 275 2989 391 3075; x_wconf 85' lang='lat' dir='ltr'><strong>toque</strong></span> <span class='ocrx_word' id='word_1_174' title='bbox 410 2979 505 3049; x_wconf 91' lang='lat' dir='ltr'><strong>duce</strong></span> <span class='ocrx_word' id='word_1_175' title='bbox 523 2973 697 3069; x_wconf 84' lang='lat' dir='ltr'><strong>Liudero,</strong></span> <span class='ocrx_word' id='word_1_176' title='bbox 721 2976 893 3072; x_wconf 87' lang='lat' dir='ltr'><strong>proxima</strong></span> <span class='ocrx_word' id='word_1_177' title='bbox 916 2977 1055 3074; x_wconf 81' lang='lat' dir='ltr'><strong>hieme,</strong></span> <span class='ocrx_word' id='word_1_178' title='bbox 1080 3002 1152 3075; x_wconf 88' lang='lat' dir='ltr'><strong>que</strong></span> <span class='ocrx_word' id='word_1_179' title='bbox 1171 3004 1276 3051; x_wconf 85' lang='lat' dir='ltr'><strong>marc</strong></span> <span class='ocrx_word' id='word_1_180' title='bbox 1296 3002 1382 3077; x_wconf 88' lang='lat' dir='ltr'><strong>per-</strong></span> 
     </span>
     <span class='ocr_line' id='line_1_26' title="bbox 278 3075 1378 3176; baseline 0.001 -26"><span class='ocrx_word' id='word_1_181' title='bbox 278 3079 380 3151; x_wconf 91' lang='lat' dir='ltr'><strong>vium</strong></span> <span class='ocrx_word' id='word_1_182' title='bbox 411 3075 588 3169; x_wconf 86' lang='lat' dir='ltr'><strong>reddidit,</strong></span> <span class='ocrx_word' id='word_1_183' title='bbox 629 3075 779 3148; x_wconf 89' lang='lat' dir='ltr'><strong>intravit</strong></span> <span class='ocrx_word' id='word_1_184' title='bbox 821 3087 961 3149; x_wconf 87' lang='lat' dir='ltr'><strong>terram</strong></span> <span class='ocrx_word' id='word_1_185' title='bbox 997 3079 1253 3176; x_wconf 81' lang='lat' dir='ltr'><strong>Rugianorum</strong></span> <span class='ocrx_word' id='word_1_186' title='bbox 1293 3100 1378 3152; x_wconf 89' lang='lat' dir='ltr'><strong>cum</strong></span> 
     </span>
     <span class='ocr_line' id='line_1_27' title="bbox 279 3176 1381 3278; baseline 0 -26"><span class='ocrx_word' id='word_1_187' title='bbox 279 3202 418 3274; x_wconf 79' lang='lat' dir='ltr'><strong>magno</strong></span> <span class='ocrx_word' id='word_1_188' title='bbox 451 3176 743 3249; x_wconf 83' lang='lat' dir='ltr'><strong>Sclavorumet</strong></span> <span class='ocrx_word' id='word_1_189' title='bbox 777 3176 968 3251; x_wconf 86' lang='lat' dir='ltr'><strong>Saxonum</strong></span> <span class='ocrx_word' id='word_1_190' title='bbox 1006 3179 1182 3252; x_wconf 86' lang='lat' dir='ltr'><strong>exercitu.</strong></span> <span class='ocrx_word' id='word_1_191' title='bbox 1235 3180 1381 3278; x_wconf 77' lang='lat' dir='ltr'><strong>Vixque</strong></span> 
     </span>
     <span class='ocr_line' id='line_1_28' title="bbox 277 3276 1384 3379; baseline -0.001 -25"><span class='ocrx_word' id='word_1_192' title='bbox 277 3280 396 3354; x_wconf 85' lang='lat' dir='ltr'><strong>tribus</strong></span> <span class='ocrx_word' id='word_1_193' title='bbox 416 3276 587 3349; x_wconf 85' lang='lat' dir='ltr'><strong>noctibus</strong></span> <span class='ocrx_word' id='word_1_194' title='bbox 606 3276 680 3347; x_wconf 90' lang='lat' dir='ltr'><strong>illic</strong></span> <span class='ocrx_word' id='word_1_195' title='bbox 699 3289 976 3375; x_wconf 67' lang='lat' dir='ltr'><strong>remanserant,</strong></span> <span class='ocrx_word' id='word_1_196' title='bbox 1005 3291 1043 3352; x_wconf 92' lang='lat' dir='ltr'><strong>et</strong></span> <span class='ocrx_word' id='word_1_197' title='bbox 1061 3280 1160 3379; x_wconf 89' lang='lat' dir='ltr'><strong>cepit</strong></span> <span class='ocrx_word' id='word_1_198' title='bbox 1178 3280 1302 3355; x_wconf 88' lang='lat' dir='ltr'><strong>hiems</strong></span> <span class='ocrx_word' id='word_1_199' title='bbox 1322 3305 1384 3353; x_wconf 85' lang='lat' dir='ltr'><strong>re·</strong></span> 
     </span>
     <span class='ocr_line' id='line_1_29' title="bbox 279 3377 1383 3480; baseline 0 -28"><span class='ocrx_word' id='word_1_200' title='bbox 279 3378 389 3473; x_wconf 86' lang='lat' dir='ltr'><strong>solvi,</strong></span> <span class='ocrx_word' id='word_1_201' title='bbox 422 3389 459 3451; x_wconf 90' lang='lat' dir='ltr'><strong>et</strong></span> <span class='ocrx_word' id='word_1_202' title='bbox 483 3377 625 3475; x_wconf 81' lang='lat' dir='ltr'><strong>glacies</strong></span> <span class='ocrx_word' id='word_1_203' title='bbox 653 3377 876 3475; x_wconf 81' lang='lat' dir='ltr'><strong>liquescere.</strong></span> <span class='ocrx_word' id='word_1_204' title='bbox 921 3379 1159 3479; x_wconf 80' lang='lat' dir='ltr'><strong>Contigitque</strong></span> <span class='ocrx_word' id='word_1_205' title='bbox 1185 3392 1225 3454; x_wconf 92' lang='lat' dir='ltr'><strong>ut</strong></span> <span class='ocrx_word' id='word_1_206' title='bbox 1244 3381 1383 3480; x_wconf 83' lang='lat' dir='ltr'><strong>irnper-</strong></span> 
     </span>
     <span class='ocr_line' id='line_1_30' title="bbox 280 3480 1386 3579; baseline 0.003 -28"><span class='ocrx_word' id='word_1_207' title='bbox 280 3480 389 3553; x_wconf 85' lang='lat' dir='ltr'><strong>fectis</strong></span> <span class='ocrx_word' id='word_1_208' title='bbox 417 3482 530 3551; x_wconf 91' lang='lat' dir='ltr'><strong>rebus</strong></span> <span class='ocrx_word' id='word_1_209' title='bbox 557 3489 795 3553; x_wconf 82' lang='lat' dir='ltr'><strong>revertentes</strong></span> <span class='ocrx_word' id='word_1_210' title='bbox 819 3480 963 3553; x_wconf 89' lang='lat' dir='ltr'><strong>marina</strong></span> <span class='ocrx_word' id='word_1_211' title='bbox 983 3482 1150 3579; x_wconf 88' lang='lat' dir='ltr'><strong>pericula</strong></span> <span class='ocrx_word' id='word_1_212' title='bbox 1170 3482 1230 3554; x_wconf 81' lang='lat' dir='ltr'><strong>vix</strong></span> <span class='ocrx_word' id='word_1_213' title='bbox 1251 3506 1386 3555; x_wconf 85' lang='lat' dir='ltr'><strong>evase·</strong></span> 
     </span>
     <span class='ocr_line' id='line_1_31' title="bbox 281 3578 1383 3675; baseline 0.002 -22"><span class='ocrx_word' id='word_1_214' title='bbox 281 3581 354 3653; x_wconf 90' lang='lat' dir='ltr'><strong>rint</strong></span> <span class='ocrx_word' id='word_1_215' title='bbox 363 3578 390 3675; x_wconf 83' lang='lat'><strong>³,</strong></span> <span class='ocrx_word' id='word_1_216' title='bbox 409 3589 447 3653; x_wconf 90' lang='lat' dir='ltr'><strong>et</strong></span> <span class='ocrx_word' id='word_1_217' title='bbox 465 3604 538 3650; x_wconf 95' lang='lat' dir='ltr'><strong>non</strong></span> <span class='ocrx_word' id='word_1_218' title='bbox 554 3579 772 3651; x_wconf 88' lang='lat' dir='ltr'><strong>adiecerunt</strong></span> <span class='ocrx_word' id='word_1_219' title='bbox 786 3580 957 3654; x_wconf 86' lang='lat' dir='ltr'><strong>Saxones</strong></span> <span class='ocrx_word' id='word_1_220' title='bbox 974 3583 1068 3654; x_wconf 89' lang='lat' dir='ltr'><strong>ultra</strong></span> <span class='ocrx_word' id='word_1_221' title='bbox 1085 3583 1224 3655; x_wconf 88' lang='lat' dir='ltr'><strong>intrare</strong></span> <span class='ocrx_word' id='word_1_222' title='bbox 1239 3594 1383 3655; x_wconf 88' lang='lat' dir='ltr'><strong>terram</strong></span> 
     </span>
     <span class='ocr_line' id='line_1_32' title="bbox 279 3679 1387 3781; baseline 0 -26"><span class='ocrx_word' id='word_1_223' title='bbox 279 3679 1387 3781; x_wconf 81' lang='lat' dir='ltr'><strong>Ranorum,eoquodHeinricusmodicosupervivenstem·</strong></span> 
     </span>
     <span class='ocr_line' id='line_1_33' title="bbox 279 3780 1230 3883; baseline 0.002 -28"><span class='ocrx_word' id='word_1_224' title='bbox 279 3780 410 3883; x_wconf 66' lang='lat' dir='ltr'><strong>porel,</strong></span> <span class='ocrx_word' id='word_1_225' title='bbox 429 3792 551 3853; x_wconf 89' lang='lat' dir='ltr'><strong>morte</strong></span> <span class='ocrx_word' id='word_1_226' title='bbox 571 3804 639 3853; x_wconf 86' lang='lat' dir='ltr'><strong>sua</strong></span> <span class='ocrx_word' id='word_1_227' title='bbox 659 3782 917 3856; x_wconf 89' lang='lat' dir='ltr'><strong>controversie</strong></span> <span class='ocrx_word' id='word_1_228' title='bbox 935 3782 1051 3857; x_wconf 86' lang='lat' dir='ltr'><strong>finem</strong></span> <span class='ocrx_word' id='word_1_229' title='bbox 1076 3784 1230 3858; x_wconf 84' lang='lat' dir='ltr'><strong>dederit.</strong></span> 
     </span>
    </p>

    <p class='ocr_par' dir='ltr' id='par_1_3' title="bbox 355 3880 1387 3976">
     <span class='ocr_line' id='line_1_34' title="bbox 355 3880 1387 3976; baseline -0.002 -17"><span class='ocrx_word' id='word_1_230' title='bbox 355 3886 415 3959; x_wconf 82' lang='grc'><strong>39.</strong></span> <span class='ocrx_word' id='word_1_231' title='bbox 451 3880 603 3976; x_wconf 77' lang='lat' dir='ltr'><strong>strapes</strong></span> <span class='ocrx_word' id='word_1_232' title='bbox 620 3881 886 3955; x_wconf 83' lang='lat' dir='ltr'><strong>Romanorum.</strong></span> <span class='ocrx_word' id='word_1_233' title='bbox 935 3884 1017 3957; x_wconf 80' lang='lat' dir='ltr'><strong>Fuit</strong></span> <span class='ocrx_word' id='word_1_234' title='bbox 1042 3894 1167 3958; x_wconf 79' lang='lat' dir='ltr'><strong>arrtem</strong></span> <span class='ocrx_word' id='word_1_235' title='bbox 1193 3884 1292 3958; x_wconf 85' lang='lat' dir='ltr'><strong>circa</strong></span> <span class='ocrx_word' id='word_1_236' title='bbox 1311 3885 1387 3958; x_wconf 85' lang='lat' dir='ltr'><strong>hos</strong></span> 
     </span>
    </p>
   </div>
   <div class='ocr_carea' id='block_1_3' title="bbox 279 4034 1390 4399">
    <p class='ocr_par' dir='ltr' id='par_1_4' title="bbox 279 4034 1390 4399">
     <span class='ocr_line' id='line_1_35' title="bbox 281 4034 1386 4108; baseline 0.005 -19"><span class='ocrx_word' id='word_1_237' title='bbox 281 4035 307 4108; x_wconf 88' lang='grc'><strong>1)</strong></span> <span class='ocrx_word' id='word_1_238' title='bbox 326 4034 373 4091; x_wconf 83' lang='lat' dir='ltr'><strong>Sic</strong></span> <span class='ocrx_word' id='word_1_239' title='bbox 391 4052 440 4108; x_wconf 90' lang='lat' dir='ltr'><strong>pro</strong></span> <span class='ocrx_word' id='word_1_240' title='bbox 459 4038 561 4105; x_wconf 82' lang='lat' dir='ltr'><strong>adeptt;</strong></span> <span class='ocrx_word' id='word_1_241' title='bbox 579 4036 634 4090; x_wconf 86' lang='lat' dir='ltr'><strong>vid.</strong></span> <span class='ocrx_word' id='word_1_242' title='bbox 653 4035 723 4089; x_wconf 83' lang='lat' dir='ltr'><strong>intra</strong></span> <span class='ocrx_word' id='word_1_243' title='bbox 744 4054 768 4089; x_wconf 89' lang='lat' dir='ltr'><strong>c.</strong></span> <span class='ocrx_word' id='word_1_244' title='bbox 780 4036 827 4091; x_wconf 82' lang='lat'><strong>50.</strong></span> <span class='ocrx_word' id='word_1_245' title='bbox 845 4048 872 4091; x_wconf 90' lang='lat' dir='ltr'><strong>et</strong></span> <span class='ocrx_word' id='word_1_246' title='bbox 891 4037 910 4092; x_wconf 82' lang='lat' dir='ltr'><strong>l.</strong></span> <span class='ocrx_word' id='word_1_247' title='bbox 927 4035 965 4093; x_wconf 89' lang='lat' dir='ltr'><strong>ll.</strong></span> <span class='ocrx_word' id='word_1_248' title='bbox 983 4038 1053 4100; x_wconf 82' lang='lat' dir='ltr'><strong>c.8;</strong></span> <span class='ocrx_word' id='word_1_249' title='bbox 1074 4039 1175 4095; x_wconf 77' lang='lat' dir='ltr'><strong>Adam.</strong></span> <span class='ocrx_word' id='word_1_250' title='bbox 1188 4038 1280 4094; x_wconf 82' lang='lat' dir='ltr'><strong>Brent.</strong></span> <span class='ocrx_word' id='word_1_251' title='bbox 1300 4039 1319 4093; x_wconf 93' lang='grc'><strong>1.</strong></span> <span class='ocrx_word' id='word_1_252' title='bbox 1333 4036 1386 4094; x_wconf 82' lang='lat' dir='ltr'><strong>lll.</strong></span> 
     </span>
     <span class='ocr_line' id='line_1_36' title="bbox 279 4108 1385 4181; baseline 0.004 -18"><span class='ocrx_word' id='word_1_253' title='bbox 279 4128 303 4163; x_wconf 93' lang='lat' dir='ltr'><strong>c.</strong></span> <span class='ocrx_word' id='word_1_254' title='bbox 322 4110 368 4162; x_wconf 78' lang='lat' dir='ltr'><strong>2l.</strong></span> <span class='ocrx_word' id='word_1_255' title='bbox 442 4109 470 4177; x_wconf 79' lang='lat'><strong>2)</strong></span> <span class='ocrx_word' id='word_1_256' title='bbox 488 4108 570 4164; x_wconf 80' lang='lat' dir='ltr'><strong>eunt.</strong></span> <span class='ocrx_word' id='word_1_257' title='bbox 590 4128 670 4180; x_wconf 78' lang='lat' dir='ltr'><strong>supra</strong></span> <span class='ocrx_word' id='word_1_258' title='bbox 691 4125 751 4179; x_wconf 84' lang='lat' dir='ltr'><strong>cap.</strong></span> <span class='ocrx_word' id='word_1_259' title='bbox 770 4109 815 4164; x_wconf 86' lang='grc'><strong>36.</strong></span> <span class='ocrx_word' id='word_1_260' title='bbox 890 4110 917 4181; x_wconf 69' lang='grc'><strong>3)</strong></span> <span class='ocrx_word' id='word_1_261' title='bbox 936 4109 1008 4165; x_wconf 81' lang='lat' dir='ltr'><strong>Anu.</strong></span> <span class='ocrx_word' id='word_1_262' title='bbox 1023 4110 1109 4165; x_wconf 71' lang='lat' dir='ltr'><strong>Puta</strong></span> <span class='ocrx_word' id='word_1_263' title='bbox 1122 4116 1155 4167; x_wconf 86' lang='lat' dir='ltr'><strong>ad</strong></span> <span class='ocrx_word' id='word_1_264' title='bbox 1173 4132 1197 4168; x_wconf 86' lang='lat' dir='ltr'><strong>a.</strong></span> <span class='ocrx_word' id='word_1_265' title='bbox 1210 4113 1295 4167; x_wconf 74' lang='lat' dir='ltr'><strong>ltus:</strong></span> <span class='ocrx_word' id='word_1_266' title='bbox 1319 4110 1385 4167; x_wconf 67' lang='lat' dir='ltr'><strong>Dus</strong></span> 
     </span>
     <span class='ocr_line' id='line_1_37' title="bbox 280 4182 1390 4253; baseline 0.003 -15"><span class='ocrx_word' id='word_1_267' title='bbox 280 4184 409 4239; x_wconf 76' lang='lat' dir='ltr'><strong>liuderus</strong></span> <span class='ocrx_word' id='word_1_268' title='bbox 426 4188 519 4238; x_wconf 72' lang='lat' dir='ltr'><strong>cunno</strong></span> <span class='ocrx_word' id='word_1_269' title='bbox 529 4185 641 4241; x_wconf 79' lang='lat' dir='ltr'><strong>Sctuvoa</strong></span> <span class='ocrx_word' id='word_1_270' title='bbox 657 4187 732 4239; x_wconf 76' lang='lat' dir='ltr'><strong>trono</strong></span> <span class='ocrx_word' id='word_1_271' title='bbox 741 4182 845 4239; x_wconf 76' lang='lat' dir='ltr'><strong>Attium</strong></span> <span class='ocrx_word' id='word_1_272' title='bbox 861 4189 1006 4241; x_wconf 69' lang='lat' dir='ltr'><strong>custodum</strong></span> <span class='ocrx_word' id='word_1_273' title='bbox 1019 4188 1111 4253; x_wconf 62' lang='lat' dir='ltr'><strong>wib</strong></span> <span class='ocrx_word' id='word_1_274' title='bbox 1129 4190 1180 4243; x_wconf 81' lang='lat' dir='ltr'><strong>sed</strong></span> <span class='ocrx_word' id='word_1_275' title='bbox 1194 4191 1280 4243; x_wconf 77' lang='lat' dir='ltr'><strong>inacte</strong></span> <span class='ocrx_word' id='word_1_276' title='bbox 1295 4187 1390 4241; x_wconf 83' lang='lat' dir='ltr'><strong>rodttt.</strong></span> 
     </span>
     <span class='ocr_line' id='line_1_38' title="bbox 280 4254 1390 4327; baseline 0.005 -20"><span class='ocrx_word' id='word_1_277' title='bbox 280 4255 308 4327; x_wconf 81' lang='lat'><strong>4)</strong></span> <span class='ocrx_word' id='word_1_278' title='bbox 336 4254 393 4309; x_wconf 81' lang='lat' dir='ltr'><strong>Rex</strong></span> <span class='ocrx_word' id='word_1_279' title='bbox 418 4254 565 4311; x_wconf 79' lang='lat' dir='ltr'><strong>Heinricus</strong></span> <span class='ocrx_word' id='word_1_280' title='bbox 591 4256 659 4310; x_wconf 90' lang='lat' dir='ltr'><strong>obiit</strong></span> <span class='ocrx_word' id='word_1_281' title='bbox 684 4274 708 4309; x_wconf 86' lang='lat' dir='ltr'><strong>a.</strong></span> <span class='ocrx_word' id='word_1_282' title='bbox 731 4255 813 4311; x_wconf 78' lang='lat'><strong>1127.</strong></span> <span class='ocrx_word' id='word_1_283' title='bbox 837 4255 986 4314; x_wconf 57' lang='grc'><strong>1111112..</strong></span> <span class='ocrx_word' id='word_1_284' title='bbox 1027 4256 1105 4313; x_wconf 85' lang='lat' dir='ltr'><strong>Diem</strong></span> <span class='ocrx_word' id='word_1_285' title='bbox 1133 4260 1196 4315; x_wconf 81' lang='lat' dir='ltr'><strong>vide</strong></span> <span class='ocrx_word' id='word_1_286' title='bbox 1221 4261 1249 4315; x_wconf 86' lang='lat' dir='ltr'><strong>io</strong></span> <span class='ocrx_word' id='word_1_287' title='bbox 1276 4254 1390 4313; x_wconf 80' lang='lat' dir='ltr'><strong>Necrol.</strong></span> 
     </span>
     <span class='ocr_line' id='line_1_39' title="bbox 282 4326 825 4399; baseline 0 -18"><span class='ocrx_word' id='word_1_288' title='bbox 282 4326 436 4399; x_wconf 74' lang='lat' dir='ltr'><strong>Loncburg.</strong></span> <span class='ocrx_word' id='word_1_289' title='bbox 457 4326 537 4382; x_wconf 84' lang='lat' dir='ltr'><strong>Conl.</strong></span> <span class='ocrx_word' id='word_1_290' title='bbox 557 4328 626 4382; x_wconf 80' lang='lat' dir='ltr'><strong>inira</strong></span> <span class='ocrx_word' id='word_1_291' title='bbox 646 4347 705 4399; x_wconf 85' lang='lat' dir='ltr'><strong>cap.</strong></span> <span class='ocrx_word' id='word_1_292' title='bbox 722 4328 761 4381; x_wconf 83' lang='grc'><strong>46</strong></span> <span class='ocrx_word' id='word_1_293' title='bbox 780 4329 825 4381; x_wconf 79' lang='lat' dir='ltr'><strong>fin</strong></span> 
     </span>
    </p>
   </div>
   <div class='ocr_carea' id='block_1_4' title="bbox 0 0 1535 4900">
    <p class='ocr_par' dir='ltr' id='par_1_5' title="bbox 0 0 1535 4900">
     <span class='ocr_line' id='line_1_40' title="bbox 0 0 1535 4900; baseline 0 0"><span class='ocrx_word' id='word_1_294' title='bbox 0 0 1535 4900; x_wconf 95' lang='lat' dir='ltr'><strong> </strong></span> 
     </span>
    </p>
   </div>
  </div>
 </body>
</html>
