3000 4900
159 460 409 537 nubuntur
426 459 667 536 cononica
685 458 955 564 SLAVORUM.
982 457 1067 531 oto.
1083 459 1108 532 l.
1164 464 1232 535 181

130 666 179 737 ad
202 664 343 738 famam
364 660 527 735 nominis
549 661 641 734 eins.
671 661 727 734 Bt
741 658 844 734 misit
866 661 911 733 ad
927 681 1058 756 regem
1076 660 1232 735 Francis

127 763 378 859 Lodewicum,
404 774 446 836 ut
476 772 693 835 occurreret
714 759 784 834 sibi
808 762 852 835 ad
882 759 1109 859 colloquium
1132 766 1230 859 apud

127 866 318 956 Leonam,
342 888 414 963 quc
438 872 497 937 est
517 862 554 936 in
574 872 676 935 terra
696 859 1006 958 Burgundionum
1023 860 1123 933 iuxta
1139 863 1229 935 Ara-

127 967 200 1038 rim
216 964 374 1040 fluvium
384 963 411 1061 ¹,
434 964 481 1046 ad
503 963 835 1059 redintegrandam
854 960 1035 1051 unitatem
1054 961 1226 1041 ecclesie.

126 1068 172 1139 Et
186 1065 317 1139 annuit
335 1089 401 1138 rex
419 1064 586 1137 Fran-cie.
615 1065 792 1137 Preterea
811 1061 916 1135 misit
932 1061 1090 1135 nunolos
1109 1064 1154 1138 ad
1168 1086 1226 1137 re·

125 1190 216 1264 gem
227 1166 345 1240 Danie
359 1175 396 1240 et
411 1167 457 1239 ad
473 1188 605 1263 regem
615 1164 771 1238 Boemie
787 1166 884 1237 etad
902 1186 1035 1260 regern
1046 1162 1225 1261 Ungarie,

126 1278 165 1340 ut
193 1267 367 1340 venirent
393 1270 440 1340 ad
467 1266 712 1340 constitutum
735 1264 848 1360 diem,
874 1263 1031 1362 insuper
1048 1264 1224 1339 omnibus

125 1364 1223 1467 archiepiscopis,episcopisetsumrnispotestatibusregni

122 1468 182 1541 sui
208 1479 247 1541 et
273 1468 462 1565 religiosis
489 1468 774 1566 quibuscunque
796 1464 1056 1563 sollempniter
1083 1468 1221 1544 adesse

124 1569 325 1661 mandavit.
352 1568 512 1642 Grandis
536 1568 649 1666 igitur
665 1566 877 1667 expectatio
893 1566 1157 1639 universorum
1173 1569 1222 1639 ad

120 1681 199 1742 tarn
216 1669 404 1743 celebrem
415 1669 654 1767 curiam‚quo
667 1679 824 1767 uterque
835 1691 934 1765 papa
945 1678 983 1739 et
996 1668 1090 1739 tanti
1102 1689 1217 1763 reges

121 1782 305 1843 terrarum
318 1769 536 1843 conventuri
552 1771 777 1843 terebantur.
808 1765 1219 1841 Tuncabieruntsinrul

119 1866 1218 1968 waldemaruscumepiscopisoanie,Hartuwtctrosorchi-

120 1972 336 2070 episcopus,
353 1971 537 2046 Geroldus
548 1970 751 2070 episcopus
767 1982 804 2042 et
818 1992 948 2042 comes
958 1968 1114 2041 Adultus
1129 1991 1215 2041 curn

119 2073 246 2145 multis
256 2071 615 2156 Saxonionobilibus
630 2074 676 2145 ad
688 2070 872 2170 prefixum
887 2068 1060 2167 colloquii
1077 2068 1214 2144 locum.

118 2172 199 2245 Dux
217 2196 308 2247 vero
325 2170 529 2271 positusin
545 2172 711 2245 bawaria
731 2172 804 2243 alia
824 2170 883 2243 via
903 2179 1068 2245 venerat.
1095 2168 1215 2244 lode-

116 2273 230 2347 wicus
251 2297 342 2371 orgo
361 2298 428 2346 rex
442 2274 611 2369 Francis,
630 2273 736 2346 ouius
752 2273 930 2370 precipue
946 2274 1214 2369 expectabatur

115 2377 313 2472 adventus,
333 2374 393 2448 ubi
412 2374 594 2448 intellexit
612 2396 784 2447 cesarem
803 2370 1106 2471 appropinquare
1125 2392 1211 2443 cum
1315 2384 1317 2389 ’

115 2477 281 2549 exercitu
297 2488 335 2548 et
348 2476 464 2550 armis
479 2477 619 2570 multis,
637 2473 817 2548 dubitavit
828 2495 1026 2546 occurrere
1041 2471 1102 2543 illi.
1134 2470 1210 2548 de

113 2587 268 2674 propter
284 2575 398 2674 fidem
418 2586 743 2650 sacramentorum
761 2574 863 2648 venit
881 2576 926 2648 ad
945 2574 1069 2646 locum
1085 2570 1210 2670 placiti

114 2677 317 2750 constituto
335 2678 408 2774 die,
433 2678 506 2750 hoo
524 2687 583 2750 est
600 2676 640 2749 in
656 2675 906 2748 decollatione
923 2672 1073 2748 loannis
1093 2673 1209 2772 bapti·
1220 2695 1301 2756 1162.

113 2777 211 2872 ste²‚
239 2788 277 2851 et
299 2777 465 2852 exhibuit
489 2801 533 2852 se
560 2779 596 2850 in
622 2777 747 2875 pontis
775 2775 898 2850 medio
918 2779 963 2850 ab
982 2775 1076 2848 hora
1100 2769 1291 2848 tertiatu-

111 2901 230 2974 usque
250 2879 286 2950 in
306 2879 438 2952 boram
463 2902 613 2950 nonam.
653 2878 768 2950 Porro
788 2900 897 2950 cesar
914 2878 1076 2950 necdum
1095 2897 1208 2948 vene·
1228 2841 1275 2938 3⁹·

111 2989 179 3050 rat.
223 2979 331 3067 Quod
359 3004 425 3053 rex
449 2979 606 3053 Francie
631 2977 823 3076 accipiens
850 3001 920 3076 pro
945 2977 1090 3072 omine,
1117 2975 1208 3048 lavit

110 3103 248 3152 manus
273 3103 364 3152 suas
392 3080 429 3152 in
453 3078 609 3153 flumine
636 3081 683 3152 ob
707 3077 980 3175 testimonium,
1008 3075 1116 3174 quasi
1143 3077 1212 3173 qui.

9 3200 10 3253 t
108 3177 226 3275 tidem
246 3179 449 3277 pollicitam
470 3179 685 3275 reddiderit,
712 3189 752 3252 et
774 3178 988 3276 digrediens
1009 3178 1095 3251 iude
1117 3176 1206 3250 abiit

107 3279 192 3377 ipso
210 3304 374 3379 vespere
389 3279 620 3354 Divionam³.
648 3279 815 3354 Veniens
833 3279 946 3377 igitur
963 3289 1075 3352 noctu
1092 3298 1205 3352 cesar

107 3379 292 3454 intellexit
304 3405 437 3479 regem
450 3383 605 3455 Francis
621 3380 861 3477 discessisse,
878 3392 916 3452 et
929 3380 1031 3454 misit
1044 3380 1204 3452 bonora-

106 3480 200 3570 biles
228 3505 414 3579 personas
434 3482 557 3556 denno
577 3505 778 3554 accersere
794 3504 892 3554 eum.
929 3480 1002 3554 Sed
1020 3479 1083 3553 ille
1101 3480 1202 3552 nulla

106 3581 253 3654 ratione
267 3606 403 3656 vacare
417 3583 550 3681 potuit,
564 3583 759 3680 gratulans
773 3605 831 3677 se,
848 3592 886 3654 et
899 3579 1011 3654 fidem
1027 3579 1203 3675 soluisse,

106 3692 144 3754 et
170 3694 390 3777 suspectam
417 3683 560 3759 cesaris
588 3707 742 3756 manum
770 3681 952 3756 evasisse.
977 3681 1203 3754 ¹llorebotur

106 3782 210 3855 enirn
226 3807 249 3853 a
268 3784 408 3881 multis,
436 3788 534 3882 quod
554 3807 664 3856 cesar
678 3807 765 3856 eum
785 3781 1058 3855 circumvenire
1074 3781 1202 3854 volue·
1293 3801 1296 3806 ’

104 3881 164 3979 rit,
185 3893 223 3955 et
241 3895 397 3983 propter
412 3887 484 3958 laec
503 3894 633 3957 contra
651 3883 870 3982 pactionum
888 3893 1060 3956 tenorem
1079 3907 1203 3958 arina⁴

102 4081 128 4149 1]
143 4101 184 4138 sc.
211 4082 275 4139 tm
303 4086 338 4138 ds
363 4084 450 4142 limus
472 4076 531 4140 siro
555 4084 669 4151 omnen,
690 4044 768 4155 ,ἰαι11
794 4085 907 4140 durium
932 4085 980 4156 qui
1004 4086 1084 4150 bodie
1100 4086 1199 4152 dicitur

101 4153 204 4220 Saone,
231 4156 260 4211 iu
285 4158 516 4230 archiepiscopatu
545 4158 693 4214 bisuntino.
737 4157 780 4213 De
806 4158 857 4212 boc
882 4158 997 4214 concilio
1017 4159 1199 4215 conterendus

97 4229 247 4373 ppossplippe
256 4227 328 4286 Saxo
338 4229 536 4287 Grammaticos
547 4232 565 4285 l.
574 4230 690 4323 XlV.·p.
699 4230 754 4284 7811
761 4230 855 4285 -tso
927 4231 958 4360 ²l=
978 4230 1059 4344 11621
1071 4232 1140 4304 Aug.
1151 4233 1198 4357 bb.
