3000 4900
268 421 317 492 78
369 417 614 492 HELMOLDI
633 418 875 495 CHRONICA
895 420 1162 496 SLAVORUM.
1189 419 1277 493 LlB.
1297 419 1325 493 l.

267 618 368 694 biam
394 628 432 693 et
450 641 556 692 mare
573 618 758 693 balticum
779 629 817 693 et
834 619 1058 718 longissimo
1075 631 1196 695 tractu
1216 627 1369 718 porten-

268 722 406 794 duntur
431 723 621 817 usquead
650 722 1048 795 terramPolonorum.
1092 722 1216 821 Super
1233 743 1370 794 omnes
1492 811 1493 820 ἵ

127 853 132 860 ·
267 820 339 894 hos
358 820 778 919 imperavitHeinriens,
797 832 1030 920 vocatusque
1050 833 1109 896 est
1127 846 1193 896 rex
1212 821 1368 895 inomni

266 920 489 995 Selavorum
507 921 846 1020 Nordaibingorum
866 923 1070 1023 provincia.

371 1026 430 1097 37.
447 1020 502 1094 De
518 1024 673 1095 victoria
691 1022 832 1097 Mistue.
868 1026 962 1100 Cum
982 1025 1095 1122 igitur
1109 1023 1191 1096 vice
1207 1026 1368 1123 quadam

266 1120 535 1197 Brizanorum1
560 1134 599 1198 et
615 1123 936 1199 Stoderanorum²
955 1125 1096 1225 populi,
1120 1124 1172 1198 hii
1195 1123 1370 1198 videlicet

267 1224 331 1325 qui
359 1224 573 1322 Haveiberg
601 1235 639 1297 et
663 1225 935 1325 Brandenburg
962 1226 1150 1324 habitant,
1183 1225 1371 1300 rebellare
1493 1219 1494 1290 3

266 1335 458 1426 pararent,
479 1324 605 1398 visum
625 1324 694 1399 tuit
724 1327 914 1422 Heinrico,
937 1329 1052 1402 armis
1078 1330 1278 1402 adversum
1301 1349 1371 1400 eos

269 1431 471 1522 utendum⁷
499 1451 548 1499 ne
572 1427 668 1499 forte
694 1431 852 1502 duarum
876 1429 1047 1527 gentium
1075 1427 1274 1502 insolentia
1299 1426 1368 1500 toti

268 1528 403 1603 orienti
413 1528 629 1601 rebellionis
646 1528 843 1602 materiam
855 1530 1067 1628 parturiret.
1093 1528 1261 1602 Perrexit
1275 1551 1369 1626 ergo

269 1655 354 1705 eum
372 1628 613 1703 amicissimis
632 1628 710 1701 suis
729 1629 1068 1729 Nordalbingorum
1091 1631 1261 1726 armatis,
1286 1653 1370 1727 per·

268 1755 484 1829 agransque
498 1730 720 1804 Sclavorum
744 1731 990 1829 provinciam,
1008 1755 1093 1804 cum
1114 1730 1257 1828 ingenti
1274 1730 1371 1828 peri·

269 1833 353 1905 culo
373 1830 493 1910 ,venit
526 1831 741 1929 Havelberg
778 1856 940 1932 eamque
975 1831 1169 1908 obsidione
1206 1830 1370 1904 vallavit.
1494 1865 1495 1870 ¹

268 1932 517 2033 Preeepitque
539 1932 642 2005 omni
661 1933 915 2008 Obotritorum
935 1935 1086 2035 populo,
1110 1933 1371 2023 ut'descendef

269 2044 355 2107 rent
389 2037 435 2108 ad
463 2034 783 2131 expugnationem
808 2036 932 2132 urbiS,
959 2047 997 2109 et
1022 2034 1139 2108 erevit
1164 2031 1306 2109 obsidio
1330 2031 1368 2104 in

268 2136 349 2207 dies
365 2144 404 2208 et
414 2156 578 2207 menses.
605 2133 754 2209 Interea
768 2136 1026 2233 perlatumest
1036 2138 1081 2209 ad
1092 2134 1243 2231 Mistue⁷
1251 2132 1369 2205 filium
1495 2181 1496 2212 t

268 2232 450 2330 Heinriei,
482 2236 580 2330 quod
605 2258 702 2331 gens
729 2239 891 2332 quedam
911 2237 1047 2309 forete
1072 2235 1209 2331 vicino,
1236 2233 1370 2307 fertilis

268 2335 442 2410 omnibus
460 2333 581 2430 bonis,
610 2336 917 2433 habitatoresque
936 2335 1017 2409 eius
1039 2334 1154 2434 quieti
1174 2344 1211 2406 et
1230 2332 1370 2406 nuliius

267 2436 494 2513 turbulentie
516 2437 695 2536 suspecti.
717 2437 846 2513 'Porro
869 2436 993 2511 Sciavi
1012 2435 1062 2509 itti
1080 2434 1167 2511 dicti
1182 2443 1271 2509 sunt
1285 2433 1368 2507 Lini
1496 2440 1497 2465 ¹

269 2539 351 2636 sive
364 2539 528 2636 Linoges
537 2534 562 2609 ³.
588 2538 881 2637 Assumpsitque
900 2560 1033 2611 seeum
1051 2540 1234 2611 ducentos
1254 2535 1371 2610 Saxo·
1496 2550 1497 2619 s

268 2666 360 2714 num
379 2650 416 2713 et
434 2649 626 2713 trecentos
647 2640 883 2738 Sclavorum,
903 2663 1037 2713 omnes
1053 2639 1210 2734 eiectos,
1230 2646 1266 2711 et
1280 2636 1370 2710 abiit

267 2740 479 2815 inconsulto
505 2750 612 2837 patre
632 2740 702 2813 iter
726 2740 826 2815 bidui
852 2764 921 2840 per
945 2740 1141 2839 angustias
1169 2761 1368 2812 nemorum

268 2853 307 2916 et
322 2839 561 2917 difficultates
580 2865 763 2939 aquarum
778 2853 816 2915 et
829 2841 976 2941 paludis
993 2840 1171 2937 maxime,
1188 2840 1370 2937 irruitque

268 2968 384 3043 super
397 2966 553 3016 securos
570 2952 608 3014 et
622 2942 846 3041 impavidos3
867 2952 905 3016 et
922 2942 1026 3033 durit
1043 2966 1089 3015 ex
1109 2941 1164 3014 eis
1183 2938 1368 3012 infinitam

268 3048 426 3144 predam
445 3055 482 3117 et
500 3042 757 3141 captivitatem
766 3043 962 3117 hominum
974 3040 1002 3140 ⁴5
1020 3042 1369 3139 abieruntqueonu-

269 3145 328 3219 sti.
366 3145 536 3242 Cumque
558 3142 801 3237 maturantes
815 3144 975 3219 reditum
993 3142 1200 3217 difficiliora
1221 3139 1369 3240 paludis

268 3245 486 3339 transirent,
506 3267 595 3318 eece
611 3244 955 3319 circumiacentium
974 3244 1144 3317 locorum
1163 3242 1285 3315 incole
1304 3265 1369 3340 pa-

268 3346 361 3421 riter
378 3345 591 3444 conglobati
609 3348 655 3419 ad
670 3370 839 3445 pugnam
854 3354 1049 3444 proruunt,
1070 3345 1239 3419 volentes
1256 3342 1370 3441 eapti·

268 3448 425 3522 vitatem
451 3447 622 3521 liberare.
656 3446 834 3522 Videntes
860 3445 973 3545 igitur
996 3445 1046 3519 hii
1073 3445 1136 3544 qui
1154 3454 1263 3517 erant
1281 3467 1368 3516 cum

269 3550 427 3644 Minue,
452 3572 495 3621 se
514 3548 700 3621 immensa
724 3546 961 3622 multitudine
982 3547 1146 3623 hostium
1171 3545 1367 3619 circumfu-

271 3675 335 3725 sos
362 3648 538 3747 viamque
566 3649 665 3720 ferro
692 3648 957 3747 aperiendam,
989 3646 1174 3722 adhortati
1209 3656 1297 3721 sunt
1325 3669 1367 3720 se

271 3762 414 3848 mutuo,
438 3749 602 3846 totisque
627 3748 767 3823 viribus
794 3749 903 3847 enisi,
929 3773 1082 3823 omnem
1102 3747 1369 3821 obsistentium

271 3923 296 3996 1)
316 3921 424 3977 Brinni
446 3920 516 3977 eirea
540 3918 682 3976 Pritrmitr
707 3921 736 3975 iu
763 3930 832 3976 terra
852 3912 1008 3991 flavererg
1031 3938 1053 3975 s.
1080 3918 1225 3990 Priegnitz,
1249 3937 1276 3974 v.
1296 3918 1368 3973 inira
1411 3972 1413 3977 ,

269 4020 330 4075 cap.
348 3998 399 4063 88:
419 3996 493 4054 bion.
512 3994 607 4054 Germ.
625 3994 658 4051 T.
674 3993 696 4061 Ι,
715 4011 776 4065 pag.
787 3994 856 4057 ³093
876 3992 982 4060 Riedeb
1002 3992 1047 4048 die
1064 3992 1143 4048 Merit
1161 3991 1370 4063 brandenburg.

268 4077 297 4147 2)
316 4072 469 4137 stoderani,
488 4070 516 4125 in
535 4078 606 4124 terra
625 4065 778 4124 flarettand
798 4068 868 4123 iuxta
887 4067 980 4124 Albim
1000 4067 1070 4121 inter
1088 4064 1220 4121 Heredem
1241 4074 1268 4121 et
1288 4064 1368 4137 libyn

268 4149 375 4205 durior.
468 4142 496 4213 3)
515 4140 554 4197 Hi
577 4141 639 4197 Lini
657 4160 680 4197 s.
698 4139 816 4213 Linoger
844 4141 916 4195 idem
942 4142 1067 4195 ridentur
1085 4157 1146 4195 erse
1164 4138 1295 4211 populus,
1321 4139 1371 4213 qui

269 4223 341 4297 apud
369 4218 467 4277 Adam.
490 4214 778 4272 Brem.i.li.e.18
803 4214 936 4285 Lingones
962 4213 1044 4268 audit.
1137 4212 1164 4287 4)
1183 4212 1315 4285 captivom
1341 4228 1369 4266 r.

269 4314 350 4370 supra
369 4314 393 4351 e.
412 4292 457 4348 ³5.
477 4291 513 4346 64
532 4308 572 4363 sq.
