3000 4900
294 447 342 520 28
394 443 644 518 HELMOLDl
662 442 908 517 CHRONlCA
925 443 1193 521 SLAVORUM.
1220 446 1309 521 LIB.
1325 448 1350 519 l.

293 661 338 698 rex
364 653 454 697 noster
477 661 491 696 s
512 660 588 697 sacro
615 643 688 698 lontc
713 653 865 715 susceptum
891 642 975 698 Suein
999 643 1065 699 Otto
1089 647 1299 717 appellarit.
1343 645 1387 700 Eo

292 715 533 786 temporeDauial
552 717 708 786 plenarie
727 717 858 788 recepit
878 717 991 778 iidem,
1011 727 1038 772 et
1057 720 1140 772 divisa
1158 721 1186 772 in
1207 730 1260 774 tres
1276 720 1386 790 episco-

292 799 369 860 patus
391 789 660 858 Hammembnrgensi
681 788 868 860 metropoli
888 791 1007 844 subiecta
1028 801 1077 846 est.
1115 793 1199 861 lgitnr
1213 785 1386 846 beatissimus

291 860 466 930 Adheldagns
485 862 587 932 primus
603 863 736 916 ordinarit
758 863 898 934 episcopos
921 863 949 916 in
969 863 1099 929 Daniam,
1125 874 1157 920 et
1180 883 1216 918 ex
1242 883 1279 918 eo
1298 875 1385 918 tem-

292 951 370 1005 pore
397 933 745 1004 Hammemburgeusis
772 935 917 989 ecclesia
944 935 1037 1005 cepit
1060 938 1188 992 babere
1207 938 1384 1006 suflraga-

292 1025 380 1060 neos.
405 1006 450 1066 ¹Et
474 1007 526 1061 heo
549 1007 657 1079 quidem
682 1007 758 1061 initia
783 1008 890 1062 celestis
913 1009 1095 1062 misericordie
1118 1019 1240 1064 secutum
1265 1021 1306 1064 cst
1331 1011 1386 1064 tale

290 1081 498 1144 incrementum,
525 1089 554 1133 ut
579 1082 611 1134 ab
631 1081 678 1133 illo
698 1089 819 1151 tempore
839 1081 970 1151 usquein
991 1081 1150 1136 hodiernum
1180 1084 1251 1137 diem
1270 1083 1386 1136 ecclesie

291 1151 429 1206 Danorum
458 1152 597 1222 multiplici
623 1154 771 1206 borealium
796 1154 915 1223 gentium
937 1155 1023 1207 lrnctn
1044 1159 1197 1215 redundare
1216 1157 1384 1220 rideantur².

291 1223 370 1278 Hiis
394 1226 462 1278 rite
484 1226 642 1295 peractis
663 1227 696 1278 in
721 1226 830 1279 Dania
858 1227 1018 1280 lortissirnns
1043 1227 1109 1283 Otto
1134 1247 1180 1282 rcx
1207 1229 1386 1283 convertit

291 1297 437 1352 exercitum
464 1302 496 1351 ad
521 1299 703 1367 subiugandos
727 1297 884 1352 Sclavorum
914 1301 1081 1356 rebelles.
1127 1300 1202 1365 Quos
1226 1311 1302 1371 pater
1326 1308 1384 1355 cius

273 1389 346 1425 uno
371 1371 463 1440 grandi
490 1371 562 1424 bello
582 1369 737 1436 domuerat,
764 1373 822 1442 ipse
847 1381 917 1425 tanta
944 1373 1070 1444 deinceps
1096 1375 1193 1427 virtute
1218 1376 1384 1443 constrinxit,

291 1455 321 1497 ut
339 1444 467 1498 tributum
492 1453 519 1497 et
543 1443 741 1498 cristianitatem
762 1462 810 1514 pro
829 1445 882 1497 vita
909 1445 987 1498 simul
1012 1455 1038 1500 et
1056 1449 1141 1516 patria
1161 1447 1276 1499 libenter
1294 1448 1385 1501 oller-

291 1527 351 1570 rent
370 1515 478 1579 victori,
499 1517 699 1590 baptizatusque
727 1526 769 1570 est
788 1525 859 1570 totus
884 1518 1040 1586 gentilium
1050 1521 1173 1589 populus.
1216 1519 1338 1573 Ecclesie
1356 1521 1383 1573 in

291 1588 431 1644 Sclavenia
453 1599 515 1643 tunc
534 1589 648 1658 primum
675 1599 834 1644 constructe.
878 1590 919 1643 Dc
938 1591 1035 1661 quibus
1055 1594 1135 1645 rebus
1159 1610 1220 1646 suo
1243 1592 1336 1658 loco,
1357 1603 1386 1648 nt

292 1671 365 1732 gesta
386 1671 462 1724 sunt,
482 1663 639 1731 oportunius
658 1662 779 1732 aliqua
798 1661 982 1717 scribenda
1002 1667 1091 1720 suntss.
1182 1695 1187 1698 ·

371 1738 426 1807 10.
462 1734 515 1806 De
534 1734 624 1806 dcccc
641 1735 865 1808 Hermanno.
916 1751 982 1808 Post
994 1756 1043 1808 hec
1057 1765 1147 1810 antem
1161 1773 1220 1808 curn
1235 1774 1281 1810 rex
1295 1758 1384 1810 victu-

290 1834 453 1887 riosissimus
472 1833 535 1888 Otto
556 1837 588 1886 ad
607 1835 773 1888 liberandam
792 1837 884 1889 sedern
904 1836 1078 1906 apostolicam
1106 1847 1248 1891 vocaretur
1276 1839 1305 1890 in
1325 1837 1384 1892 lta-

291 1907 369 1971 liam,
389 1907 529 1961 consilium
550 1907 634 1961 lectur
651 1909 789 1972 babuisse,
810 1927 889 1980 quem
909 1918 970 1978 post
988 1927 1017 1962 se
1032 1909 1161 1964 ricarium
1177 1911 1314 1979 potestatis
1334 1931 1384 1964 re·

290 1979 426 2050 linqueret
445 1981 478 2032 ad
499 1981 648 2033 faciendam
669 1982 798 2035 iustitiam
819 1984 845 2034 in
866 1983 907 2034 bis
926 1983 1060 2051 partibus,
1089 1998 1142 2053 que
1167 1984 1288 2037 barbaris
1313 1993 1383 2037 con-

289 2053 356 2106 liues
375 2061 436 2107 sunt
449 2053 579 2106 terminis.
607 2050 732 2106 Nondum
753 2053 824 2107 enim
839 2064 900 2124 post
918 2064 1037 2125 tempora
1051 2055 1145 2109 Karoli
1159 2066 1268 2126 propter
1280 2066 1384 2110 veteres

290 2125 363 2179 illins
382 2125 468 2195 gentis
496 2126 641 2180 seditiones
667 2125 782 2180 Saxonia
807 2131 902 2180 ducem
929 2138 1067 2198 acceperat
1092 2129 1144 2180 nisi
1170 2147 1299 2182 cesarem.
1339 2129 1386 2183 Ne

290 2198 399 2268 igitur
425 2199 460 2251 iu
485 2199 575 2268 regis
601 2201 759 2253 absentia
787 2199 872 2253 Dani
901 2200 972 2253 sive
998 2200 1112 2254 Sclari
1142 2203 1220 2254 nori
1250 2202 1382 2272 aliquid

291 2272 517 2335 molirentur,
537 2289 594 2325 rex
615 2273 824 2326 necessitate
850 2291 1047 2341 persuasus,
1074 2273 1247 2328 Heremanno
1267 2278 1383 2344 primurn

291 2344 373 2397 tutele
386 2345 470 2398 ricem
490 2346 517 2396 in
532 2343 647 2398 Saxonis
661 2345 803 2400 commisit.
831 2344 874 2399 Ile
887 2364 941 2416 quo
959 2346 1017 2399 viro
1037 2355 1064 2399 et
1076 2348 1205 2417 progenie
1218 2349 1281 2413 viri,
1301 2366 1384 2418 quo·

291 2417 377 2471 niam
410 2418 534 2488 nostris
565 2419 780 2489 temporibus
819 2419 958 2473 multum
992 2421 1233 2487 invaluerunt,
1271 2422 1383 2493 aliqua

291 2507 550 2544 commemorare
569 2492 748 2545 necessarium
763 2492 836 2545 duri.
874 2492 1008 2555 viriste,
1029 2494 1191 2564 pauperibus
1210 2503 1284 2547 ortus
1303 2506 1385 2548 nata-

289 2563 374 2629 libus,
394 2565 496 2634 primo,
517 2573 546 2616 ut
565 2565 652 2629 aiunt,
672 2575 775 2635 septem
796 2566 894 2618 mansis
911 2568 1075 2638 totidemque
1092 2570 1262 2620 manentibus
1282 2586 1313 2620 ex
1331 2569 1386 2621 be-

290 2638 403 2690 reditate
420 2645 527 2707 patrum
547 2636 599 2690 luit
612 2647 761 2691 contentus.
790 2636 905 2696 Deinde,
925 2642 996 2710 quod
1018 2649 1075 2692 erat
1093 2641 1161 2693 acris
1180 2640 1279 2710 ingenii
1298 2643 1385 2694 deco-

269 2706 381 2780 ·⁴risque
401 2709 501 2777 forme,
527 2727 588 2761 cnm
614 2711 773 2779 promerito
792 2712 854 2764 lidei
875 2721 900 2765 et
920 2712 1091 2772 humilitatis,
1117 2731 1197 2783 qnam
1222 2715 1337 2767 dominis
1357 2723 1385 2767 et

290 2783 399 2852 paribus
413 2783 545 2844 exhibuit,
565 2782 645 2835 lacile
664 2793 742 2835 notus
763 2784 790 2837 iu
808 2784 924 2854 palatio,
944 2788 978 2837 ad
994 2786 1201 2839 familiaritatem
1214 2786 1298 2856 ipsius
1312 2790 1384 2856 regis

291 2856 426 2925 pervenit,
453 2856 498 2926 qni
523 2864 660 2925 comperta
686 2856 790 2909 iuvenis
816 2858 961 2919 industria,
988 2860 1106 2927 suscepit
1129 2877 1190 2911 eum
1216 2859 1243 2911 in
1269 2877 1384 2914 numero

290 2928 480 2983 ministrorum.
518 2926 624 2982 Deinde
651 2929 793 2982 nutricium
819 2932 940 3000 precepit
967 2948 1026 2985 esse
1052 2932 1182 2993 liliorum,
1213 2949 1273 2984 mox
1302 2935 1383 2986 etiam

289 3002 495 3056 succedentibus
521 3002 668 3071 prosperis,
697 3003 832 3055 commisit
856 3004 880 3055 ei
907 3004 979 3056 vices
999 3005 1191 3074 prefectorum.
1228 3004 1259 3058 lu
1284 3008 1384 3076 quibus

190 3128 194 3135 ,
290 3074 387 3127 ciliciis
400 3084 526 3128 strennue
542 3073 731 3127 administratis
748 3076 846 3129 dicitur
859 3087 996 3130 manentes
1012 3095 1075 3129 suos
1089 3096 1137 3146 pro
1153 3077 1223 3129 lurto
1237 3078 1264 3130 in
1281 3079 1384 3134 indicio

290 3147 399 3217 delatos'
416 3150 475 3200 data
502 3148 632 3201 sententia
658 3148 737 3201 simul
762 3166 855 3202 omues
876 3153 1041 3219 dampnasse
1068 3152 1100 3201 ad
1127 3159 1251 3203 mortem.
1298 3151 1383 3206 Cuius

290 3221 407 3273 novitate
433 3220 558 3273 facinoris
584 3230 611 3273 et
636 3225 700 3273 tuuc
726 3238 803 3274 carus
827 3222 855 3274 in
881 3223 993 3292 populo,
1022 3233 1048 3276 et
1073 3223 1236 3276 clarissimus
1256 3226 1384 3295 deinceps

290 3292 375 3345 lactus
395 3294 481 3346 estin
501 3293 608 3362 palatio.
647 3292 791 3363 Postquam
812 3312 875 3348 vero
894 3298 1020 3348 ducatum
1041 3294 1158 3361 Saxonis
1177 3298 1288 3361 meruit,
1307 3299 1385 3351 iudi-

289 3366 332 3419 cio
361 3374 388 3418 et
410 3366 514 3423 ,iustitia
539 3367 695 3434 gubernavit
720 3367 900 3437 provinciam,
928 3378 954 3420 et
982 3370 1009 3420 in
1029 3369 1188 3422 defensioue
1207 3372 1382 3426 ecclesiarum

289 3447 441 3491 sanctarum
461 3438 596 3492 studiosus
616 3442 763 3507 permansit
781 3458 867 3511 usqne
886 3440 913 3493 iu
933 3441 1024 3495 linem.

371 3508 456 3579 Igitur
476 3511 522 3565 tali
541 3511 599 3563 viro
618 3512 754 3581 piissimus
772 3530 819 3566 rex
838 3514 923 3566 ricem
944 3532 1018 3567 snam
1038 3515 1066 3567 in
1086 3515 1134 3567 hac
1157 3514 1266 3584 regione
1292 3534 1383 3569 com-

295 3585 476 3649 mendans,
501 3584 529 3637 in
554 3582 657 3638 ltaliam
678 3585 853 3639 discessit.
893 3585 942 3640 Ubi
963 3606 1009 3640 rex
1028 3588 1118 3640 babitu
1138 3588 1253 3641 concilio
1273 3589 1384 3659 episco-

289 3673 400 3725 porum,
426 3656 572 3709 lobannem
592 3674 703 3727 papam,
724 3655 970 3726 cui0ctarianus
990 3668 1197 3730 cognomentum
1218 3670 1287 3725 erat,
1309 3664 1384 3715 mul-

288 3730 322 3783 tis
342 3738 495 3783 accusatum
516 3730 673 3783 criminibus
693 3731 791 3801 deponi
812 3731 884 3797 lecit,
907 3736 1027 3802 quamvis
1052 3735 1204 3787 absentem:
1232 3752 1293 3787 nam
1321 3735 1383 3805 luga

288 3803 418 3857 indicium
438 3803 652 3872 subterfugerat,
679 3812 706 3856 et
730 3807 758 3857 in
777 3803 866 3857 locum
887 3806 945 3857 eius
968 3810 1094 3876 protum⁴
1119 3806 1237 3859 Leonem
1263 3809 1383 3861 ordinari

290 3876 367 3938 lecit,
395 3894 409 3927 a
434 3890 487 3947 quo
512 3876 569 3947 ipse
594 3894 655 3929 mox
680 3886 823 3930 coronatus
850 3878 996 3948 imperator
1026 3890 1053 3933 et
1081 3892 1210 3949 angustus
1243 3898 1257 3932 a
1282 3882 1383 3950 populo

289 3946 411 4002 Romano
431 3949 612 4002 consalutatus
632 3958 672 4001 ost
691 3967 762 4004 anuo
782 3950 856 4020 regni
876 3950 933 4005 eins
948 3950 1028 4013 28.⁵;
1047 3962 1108 4022 post
1126 3963 1282 4006 coronatum
1297 3952 1383 4007 Rome

291 4064 315 4133 1)
335 4082 372 4117 sc.
392 4064 533 4117 cismarina
555 4084 576 4118 s.
596 4064 713 4119 liitland.
734 4066 767 4121 V.
786 4065 882 4122 Adam.
901 4068 919 4121 l.
938 4068 958 4121 l.
1032 4068 1059 4138 2)
1078 4070 1331 4125 Res—uideantur
1349 4087 1382 4122 ex

289 4134 387 4189 Adami
407 4136 425 4189 l.
445 4136 480 4193 ll.
501 4156 524 4191 c.
544 4137 628 4191 3-5.
732 4140 759 4210 3)
776 4139 1135 4209 [oraremus-scribendo
1153 4151 1265 4200 suntex
1282 4143 1380 4195 Adami

290 4209 308 4263 l.
328 4208 362 4262 ll.
382 4226 405 4261 cr
419 4209 444 4262 b.
519 4209 545 4283 4)
563 4217 656 4281 protus
675 4212 692 4267 i.
706 4230 730 4267 e.
751 4214 985 4283 protoscriniarius
1005 4232 1029 4267 r.
1049 4214 1146 4269 Adam.
1167 4218 1184 4269 Ι.
1197 4217 1216 4272 Ι.
1277 4216 1303 4288 5)
1323 4216 1381 4271 tte-

289 4281 357 4334 ctins
376 4282 488 4336 dixisset
505 4300 575 4340 uano
593 4284 642 4348 26,
663 4304 701 4339 sc.
722 4304 792 4341 anuo
811 4286 874 4340 962.
