3000 4900
284 473 335 544 54
387 467 630 551 HELMOLDI
649 466 891 545 CHRONlCA
911 465 1180 542 SLAVOllUlll.
1208 465 1295 540 LlB.
1314 466 1339 540 1.

291 677 400 766 utque
433 667 705 763 Tbetnrurchos,
739 691 891 764 quorum
926 669 1060 742 auritio
1089 671 1204 754 fretus
1233 666 1391 740 bostium

281 773 433 865 impetus
461 769 512 843 ud
537 776 674 863 tempus
701 771 862 863 excipere
887 769 1022 846 culeus.
1070 768 1150 864 Epo
1174 791 1329 864 quoque,
1357 767 1390 839 si

283 893 424 943 necesse
458 871 587 964 fuerit,
632 871 845 966 quantocius
880 870 1090 965 subsequor.
1155 869 1269 941 Porro
1306 867 1388 940 dies

285 968 523 1069 nuptiarum¹
542 973 588 1042 ad
608 993 770 1068 presens
788 972 923 1043 docem
942 974 1106 1045 vetabat.
1482 1036 1488 1043 .

360 1069 577 1167 Assumptis
621 1070 733 1167 igitur
768 1070 889 1143 butue
925 1069 1141 1144 fortissimis
1176 1069 1389 1142 Bardorurn
1487 1078 1488 1101 ³

284 1171 434 1244 transiit
447 1170 607 1264 Albiam,
627 1181 665 1251 et
679 1171 913 1269 precucurrit
927 1171 964 1243 in
978 1183 1119 1245 terram
1134 1171 1389 1268 Wagirorum.
1487 1238 1488 1273 3

283 1271 416 1344 Nuncii
447 1295 598 1370 quoque
624 1271 730 1345 ducis
756 1281 1023 1371 percurrentes
1052 1295 1205 1346 omnem
1233 1271 1390 1344 Nordal·

284 1372 484 1470 bingorum
503 1372 750 1470 provinciam,
779 1377 966 1470 urgebant
987 1373 1166 1472 populum
1192 1371 1321 1470 egredi
1340 1374 1390 1444 ad

284 1472 482 1546 ferendum
498 1472 824 1568 auxiliumButue,
839 1473 901 1571 qui
917 1477 1204 1572 expugnabatur
1217 1473 1390 1546 abbosti·

284 1577 365 1646 buc.
413 1575 460 1646 At
485 1573 547 1646 ille
572 1572 738 1671 preierat
766 1597 850 1646 cum
880 1575 1070 1666 sexcentis
1097 1585 1135 1646 et
1159 1599 1204 1648 eo
1225 1572 1388 1672 amplius

284 1673 374 1746 viris
394 1684 640 1770 armatorum,
659 1673 895 1773 veniensque
915 1679 960 1748 ad
977 1686 1141 1751 castrum
1158 1673 1388 1771 Plunense2,

285 1778 417 1847 urbem
433 1785 561 1873 preter
575 1799 685 1872 spem
701 1785 872 1874 apertam
891 1786 930 1848 et
946 1795 1106 1850 vacuam
1125 1775 1216 1849 viris
1235 1775 1387 1873 reperit.

286 1873 367 1962 Quo
388 1899 472 1948 cum
493 1875 686 1971 intrasset,
713 1876 850 1950 mulier
867 1877 1087 1967 Teutonica,
1114 1900 1187 1974 que
1213 1876 1302 1949 inibi
1329 1900 1389 1949 re·

282 1986 392 2074 perta
419 1976 500 2072 fuit,
526 1976 652 2049 locuta
678 1978 801 2050 estad
821 1990 929 2050 eum:
956 1977 1083 2072 Accipe
1101 1977 1200 2072 prrod
1216 1979 1391 2072 repererit
1487 2048 1488 2051 ,

284 2100 415 2149 uranus
433 2082 510 2170 tuu,
537 2085 570 2150 et
587 2081 719 2163 festino
738 2077 904 2150 velociter
922 2077 1053 2173 epredi,
1080 2080 1165 2174 quic
1180 2102 1247 2172 per
1265 2076 1388 2151 dolum
1487 2144 1488 2147 ,

285 2183 405 2249 ucturn
433 2183 496 2269 est,
524 2184 562 2249 ut
588 2177 675 2249 urbs
691 2178 756 2250 lrec
774 2185 903 2272 apertu
921 2185 957 2250 et
972 2202 1091 2251 cucuu
1110 2179 1316 2252 custodibus
1335 2177 1389 2251 di·
1487 2233 1489 2239 ,

285 2278 493 2348 mitteretur.
546 2276 675 2350 Audito
705 2281 799 2350 euim
829 2281 975 2351 introitu
1006 2284 1086 2373 tuo,
1118 2280 1278 2351 crustiuo
1307 2303 1388 2352 curu
1487 2284 1488 2371 s

285 2379 443 2462 nrucirno
469 2381 624 2452 exercitu
652 2377 775 2451 Setuci
801 2378 966 2452 redibunt
991 2385 1027 2452 et
1040 2379 1164 2452 urbem
1182 2379 1279 2453 bunc
1296 2379 1390 2453 obsi-

285 2476 390 2549 dione
415 2478 634 2553 concludent.
663 2479 755 2567 ¹Qui
775 2483 890 2552 verba
909 2479 1109 2553 referentis
1128 2480 1389 2577 dissimulans,

285 2601 354 2675 per
379 2589 528 2651 noctem
558 2579 594 2651 in
621 2582 756 2653 eodem
777 2591 902 2653 castro
921 2580 1115 2653 remansit.
1138 2602 1142 2608 ’
1167 2582 1233 2653 Est
1260 2592 1389 2653 autem
1487 2629 1488 2634 ,

285 2680 375 2751 urbs
395 2679 480 2772 hec,
507 2690 547 2752 ut
564 2680 675 2753 bodie
694 2680 813 2753 videri
832 2691 971 2779 potest,
988 2681 1074 2753 lacu
1092 2682 1387 2778 profundissimo
1487 2737 1488 2742 ,

286 2777 451 2876 undique
470 2778 629 2873 inclusa,
657 2790 695 2853 et
713 2781 1014 2855 commeantibus
1034 2782 1174 2854 aditum
1193 2806 1291 2881 pons
1309 2782 1390 2855 lon·
1487 2863 1488 2868 ,

286 2879 468 2975 gissimus
488 2879 689 2953 continuat.
722 2880 894 2961 Crastina
913 2882 1030 2979 igitur
1044 2882 1278 2980 lucescente,
1297 2906 1388 2956 ecoe

285 2978 506 3053 Sclavorum
531 2979 676 3053 infinita
700 2982 854 3078 agmina
882 2988 1026 3079 urbem,
1052 2993 1093 3055 ut
1119 3008 1280 3081 vespere
1304 3009 1389 3082 pre·

286 3078 424 3153 dic'tum
445 3081 579 3176 fuerat,
607 3080 801 3155 obsidione
819 3082 1065 3159 vallaverunt.
1108 3084 1304 3157 Provisum
1325 3109 1390 3157 au·
1487 3129 1488 3172 3

286 3189 364 3252 tem
393 3181 528 3277 fuerat,
555 3206 603 3254 ne
631 3182 805 3257 navicula
832 3183 956 3281 aliqua
984 3184 1022 3256 in
1051 3184 1154 3256 omni
1176 3184 1298 3259 insula
1325 3184 1389 3257 illa
1487 3215 1488 3218 ¹

286 3278 530 3377 inveniretur,
556 3306 624 3379 per
643 3308 758 3381 quam
775 3284 945 3358 obsessis
965 3286 1146 3357 evadendi
1164 3285 1270 3359 locus
1285 3296 1390 3386 pate-

286 3392 354 3453 ret.
379 3381 507 3456 'Butos
526 3382 640 3481 igitur
659 3409 744 3457 curn
765 3383 878 3459 sociis
898 3384 1131 3459 obsidionem
1148 3410 1233 3458 cum
1248 3412 1390 3485 magna

286 3481 398 3555 famis
427 3482 644 3556 difficultate
671 3486 859 3559 sustinuit.
911 3486 1045 3558 Audito
1077 3496 1204 3559 autem
1235 3488 1387 3561 sinistro
1487 3483 1488 3486 ¹

287 3582 360 3654 hoc
392 3583 546 3679 nuncio,
582 3586 846 3681 Holzatorum,
880 3586 1178 3661 sturmariorum
1210 3612 1282 3661 nec
1313 3613 1389 3662 non
1487 3669 1488 3674 χ

286 3683 580 3759 Tbetbmarcbie
606 3685 802 3759 fortissimi
829 3689 1158 3785 acceleraverunt,
1189 3699 1230 3761 ut
1256 3693 1389 3763 urbem
1487 3729 1488 3732 ¹

287 3783 482 3855 obsidione
501 3784 714 3859 liberarent.
752 3788 923 3885 Cumque
942 3789 1209 3886 pervenissent
1227 3792 1272 3863 ad
1292 3790 1390 3865 rivu-
1487 3799 1488 3876 j

286 3884 379 3979 lum,
406 3885 467 3981 qui
494 3885 627 3959 dicitur
643 3886 780 3961 Suale8
806 3888 942 3986 quique
961 3890 1198 3963 disterminat
1217 3890 1388 3965 Saxones

288 3978 477 4082 aSclavis,
492 3986 748 4084 premiserunt
762 3986 883 4062 virum
894 4014 1054 4087 gnarum
1065 3991 1236 4065 Sclavice
1246 3990 1388 4091 lingue,
1487 4005 1488 4008 ’

290 4176 314 4243 1)
341 4177 399 4229 scil.
420 4194 481 4231 cum
501 4174 616 4247 Sophia,
637 4178 691 4232 fllia
713 4178 841 4234 Andreae
860 4181 930 4251 regis
950 4179 1094 4250 Ungariae.
1133 4180 1212 4236 Coos.
1235 4181 1387 4238 Wodekind
1487 4169 1488 4178 ἵ

287 4247 376 4375 Notont
395 4248 428 4303 T.
449 4249 469 4302 l.
491 4268 516 4321 p.
540 4249 595 4304 188.
611 4270 650 4323 sq.
731 4252 759 4324 2)
780 4252 858 4307 Pron.
939 4254 965 4325 3)
984 4254 1074 4319 Stale,
1095 4255 1197 4309 rivolus
1217 4257 1289 4310 iuxta
1310 4254 1390 4311 Neu·
1487 4293 1488 4310 t

288 4340 365 4375 muns
379 4341 416 4377 er.
1265 4347 1267 4350 ·
1487 4347 1488 4352 ¹
