3000 4900
272 444 346 521 206
396 441 644 538 HELMOLDI
663 441 906 518 CHRONICA
924 444 1190 520 SLAVORUM.
1217 446 1306 519 LlB.
1322 445 1365 519 ll.

273 672 346 722 nus
364 649 410 719 de
428 647 656 743 Aldenburg,
683 670 756 743 que
776 655 834 719 est
853 646 889 718 in
908 646 1120 721 Amerland.
1157 648 1279 747 Super
1292 646 1364 721 hos

273 772 406 823 omnes
432 758 634 847 prepotens
661 746 722 818 ille
746 748 963 846 lleinoldus‚
988 749 1221 822 Coloniensis
1246 748 1366 821 archi·

274 852 474 951 episcopus
491 860 528 921 et
543 848 792 921 cancellarius
803 846 963 947 imperii7
981 850 1178 923 insidiatus
1194 861 1253 923 est
1266 850 1364 943 duci„

273 951 369 1027 facie
396 951 547 1049 quidem
571 953 710 1023 absens
735 948 834 1021 etin
859 950 963 1023 Italia
990 952 1148 1049 positus,
1172 955 1238 1024 sed
1263 960 1366 1023 totus

274 1048 716 1149 consilioexpugnationi
734 1050 838 1123 ducis
852 1050 1028 1125 intentus.
1056 1052 1160 1125 'l'unc
1173 1050 1364 1151 principes

274 1155 336 1254 qui
347 1163 454 1227 erant
466 1151 503 1223 in
518 1150 688 1224 orientali
698 1151 861 1224 Saxonia
876 1176 961 1225 cum
975 1152 1252 1250 Thuringorum
1265 1154 1366 1250 prin-

275 1256 358 1353 cipe
371 1251 565 1327 Lodewico
584 1255 813 1325 obsederunt
831 1252 1197 1327 munitionem‘ducis
1213 1278 1287 1353 quie
1302 1278 1366 1325 vo·

275 1368 380 1430 catur
402 1351 610 1449 Aldeslef¹‚
642 1364 680 1425 et
703 1353 876 1426 fecerunt
899 1365 1029 1427 contra
1057 1378 1142 1427 eam
1170 1354 1366 1428 machinas
1487 1410 1488 1439 2

274 1458 424 1531 multas.
466 1456 578 1527 Porro
598 1453 830 1529 Christianus
858 1480 984 1529 comes
1005 1456 1051 1528 de
1069 1457 1273 1529 Amerland
1293 1457 1367 1528 col·
1487 1480 1488 1553 ζ

273 1561 370 1631 lecta
389 1558 596 1629 Fresonum
625 1578 737 1627 manu
766 1556 962 1655 occupavit
979 1557 1156 1629 Bremarn
1176 1567 1213 1630 et
1231 1580 1364 1631 omnes

273 1660 369 1733 lines
390 1658 484 1751 eius,
499 1668 536 1729 et
553 1656 641 1727 fecit
660 1666 804 1729 motum
822 1682 1003 1754 magnum
1022 1658 1059 1729 in
1074 1657 1295 1730 occidentali
1310 1682 1364 1729 re-

275 1760 398 1858 gione.
440 1758 577 1830 Videus
604 1757 715 1853 igitur
734 1760 819 1854 dux,
847 1760 933 1854 quia
952 1769 1185 1857 consurgunt
1205 1759 1361 1855 undique

275 1862 386 1957 bella,
414 1858 511 1957 cepit
530 1858 763 1931 communire
783 1859 951 1933 civitates
972 1870 1009 1933 et
1027 1870 1150 1932 castra
1170 1870 1207 1933 et
1225 1882 1366 1959 ponere

276 1960 464 2035 custodias
488 1959 647 2031 militum
669 1960 706 2031 in
729 1960 822 2033 locis
841 1961 1060 2058 opportunis
1071 1960 1096 2034 ².
1132 1963 1173 2033 ln
1193 1972 1366 2059 tempore

275 2064 336 2135 illo
358 2062 558 2134 cometiam
577 2060 758 2158 Holzatie,
777 2061 983 2134 Sturmarie
1004 2073 1115 2160 atque
1134 2062 1287 2159 Wagire
1306 2064 1368 2133 ad-

276 2163 511 2237 ministrabat
534 2160 644 2232 vidua
664 2159 782 2234 Adolfi
810 2162 956 2235 comitis
976 2186 1060 2235 cum
1079 2161 1154 2235 filio
1174 2165 1296 2236 adhuc
1315 2175 1368 2235 te-

276 2264 387 2338 nollo.
428 2263 584 2360 Propter
602 2272 874 2359 consurgentes
894 2273 1019 2336 autem
1041 2264 1221 2337 bellorum
1240 2274 1367 2335 motus

218 2416 223 2426 ·
277 2364 403 2466 posuit
421 2365 494 2436 dux
512 2371 627 2463 puero
646 2374 810 2435 tutorem
827 2364 887 2462 qui
902 2374 1077 2464 preesset
1090 2364 1219 2462 armis.²
1233 2364 1365 2436 Henri-

275 2492 362 2541 cum
381 2465 570 2562 comitem,
588 2465 791 2563 'thuringia
811 2475 954 2564 natum,
980 2465 1230 2540 avunculum³
1247 2463 1368 2564 pueri,

277 2569 398 2641 virum
417 2566 560 2640 scilicet
579 2564 837 2664 impatientem
853 2567 922 2640 ocii
942 2579 979 2641 et
995 2577 1115 2641 totum
1134 2567 1250 2641 armis
1269 2565 1370 2639 dedi·

275 2681 368 2744 tum.
396 2666 678 2744 Communicato
694 2692 842 2766 quoque
859 2667 1023 2741 fidelium
1040 2693 1194 2742 suorum
1214 2666 1369 2742 consilio
1487 2697 1488 2728 ³

277 2769 523 2846 Pribizlavum
541 2767 749 2867 principem
764 2767 1020 2866 Sclavoruml,
1039 2794 1151 2867 quem
1170 2770 1311 2866 multia
1331 2779 1371 2842 ut
1487 2833 1488 2852 ,

278 2869 544 2969 supradictum
560 2879 631 2964 est7
648 2869 774 2967 preliis
790 2871 985 2969 expulerat
998 2871 1201 2968 provincia7
1219 2869 1371 2944 admisit
1487 2899 1488 2930 ³

276 2973 314 3046 in
334 2971 508 3070 gratiam,
522 2981 564 3043 et
581 2971 739 3044 reddidit
758 2971 792 3043 ei
811 2996 963 3044 omnem
983 2971 1231 3044 hereditatem
1251 2971 1366 3070 patris
1487 3031 1488 3050 a

278 3075 348 3170 sui,
366 3084 507 3146 terram
526 3072 669 3144 scilicet
683 3072 949 3169 Ohotritorum7
969 3083 1095 3171 preter
1109 3073 1244 3145 Zverin
1261 3085 1299 3145 et
1316 3082 1366 3144 at·
1487 3133 1488 3166 p

275 3173 432 3248 tinentia
452 3173 544 3244 eius.
570 3175 614 3245 Et
628 3173 714 3245 fecit
729 3169 955 3246 Pritiizlavus
975 3174 1058 3247 duci
1078 3183 1116 3247 et
1134 3174 1266 3246 amicis
1287 3173 1367 3246 eius

159 3325 164 3333 ι
279 3273 522 3350 securitatem
539 3270 741 3370 fidelitatis,
760 3273 861 3346 nulla
880 3275 1057 3372 deinceps
1078 3275 1258 3347 bellorum
1273 3285 1369 3346 tem·
1487 3333 1488 3338 ,

277 3385 426 3476 pestate
447 3377 772 3472 corrumpendam,
798 3386 898 3449 stare
925 3376 1068 3448 scilicet
1085 3378 1131 3449 ad
1150 3379 1371 3449 mandatum

277 3477 397 3576 ipsius
430 3478 469 3549 et
486 3479 689 3550 observare
712 3475 866 3550 οοιιΙοε6
893 3477 1099 3551 amicorum
1122 3477 1203 3552 eius
1226 3480 1370 3575 absque

278 3578 381 3653 omni
400 3575 622 3651 offensione.
1308 3659 1311 3668 Ι

352 3683 388 3755 8.
422 3676 644 3772 Depredutio
668 3675 926 3752 Brernensium.
995 3679 1099 3752 Tunc
1125 3678 1372 3778 congregavit

280 3868 305 3940 1)
324 3865 606 3924 Neu-Haldcnslebeu
624 3869 697 3922 iuxta
714 3869 826 3923 flurium
846 3865 1063 3934 olrannum.
1081 3869 1177 3941 Pegav.
1197 3879 1224 3924 et
1243 3868 1369 3940 Magdeb.

279 3961 303 3996 a.
326 3941 406 3995 1167.
488 3941 515 4012 2)
536 3941 580 3998 Gt.
598 3941 671 3997 Anu.
691 3940 765 3998 sua.
785 3959 808 3996 a.
831 3941 909 3998 1167.
997 3943 1023 4015 3)
1042 3941 1176 3998 Avunculi
1196 3961 1262 3997 voce
1280 3952 1372 3998 nostor

279 4016 324 4070 hic
343 4015 457 4070 tortasse
474 4033 524 4085 pro
544 4033 592 4086 per
611 4024 721 4069 matrem
740 4025 853 4086 cognato
873 4034 936 4070 usus
956 4034 1015 4070 esse
1028 4017 1145 4076 videtur:
1164 4017 1272 4070 vitricus
1292 4017 1370 4088 pueri

279 4088 354 4142 audit
373 4091 443 4159 apud
462 4089 613 4143 Aruoldum
632 4087 667 4155 ll,
687 4088 713 4142 6.
747 4088 771 4142 E
789 4107 887 4159 genere
906 4090 1031 4142 comitum
1052 4093 1085 4143 de
1100 4089 1294 4160 Schwarzbnrg
1308 4107 1371 4143 eum

279 4162 425 4216 oriundum
447 4162 539 4228 luisse,
564 4180 651 4233 nuper
674 4172 746 4216 recte
765 4161 897 4217 divinatus
923 4171 963 4216 est
982 4162 1058 4216 Cohn
1078 4163 1106 4217 in
1127 4162 1201 4218 Gon.
1222 4161 1282 4218 Gel.
1302 4163 1371 4219 Auz.

282 4233 362 4297 1866,
382 4253 407 4306 p.
426 4233 490 4290 668.
580 4236 608 4308 4)
629 4233 658 4288 lu
675 4235 826 4307 diplomatis
846 4253 871 4289 a.
892 4235 958 4287 1171
981 4255 1039 4308 sqq.
1065 4237 1163 4292 dicitur
1187 4236 1309 4308 princeps
1336 4237 1371 4290 de

280 4307 476 4380 Melielenburg
500 4309 541 4362 rel
561 4310 668 4372 rectius,
695 4317 726 4362 ut
745 4310 859 4374 ridetur,
885 4312 920 4363 de
938 4308 1026 4374 Kiziu,
1046 4327 1069 4364 v.
1087 4309 1223 4366 Mellenh.
1242 4307 1275 4364 ll.
1295 4307 1328 4364 B.
1350 4308 1370 4374 1,

281 4400 308 4438 n.
329 4380 390 4437 roo.
411 4381 472 4437 rot.
495 4381 556 4438 113.
630 4381 657 4453 5)
676 4382 695 4438 i.
713 4399 738 4436 e.
759 4393 862 4448 nutum,
882 4386 1045 4438 mandatum.
