3000 4900
314 452 385 525 196
436 442 677 522 HELMOLDI
696 447 936 523 CHRONICA
955 447 1224 524 SLAVORUM.
1254 448 1340 523 LIB.
1359 450 1398 526 ΙΙ.

310 676 358 723 ne
385 652 466 748 quis
492 652 587 730 forte
615 650 811 748 effugeret.
854 650 961 739 Quod
988 651 1144 724 audiens
1171 652 1398 727 Guncelinus
1482 652 1486 733 i

310 752 409 853 dixit
413 756 458 825 ad
475 777 582 830 suos.
607 751 792 824 Eaeamus
805 751 936 824 uelocit
920 757 1023 824 ννονο
1029 776 1234 848 pupuemus
1252 776 1333 825 cum
1345 778 1397 850 eo,
1483 842 1484 853 χ

304 856 525 950 priusquam
548 852 708 950 reliquus
724 853 848 925 veuiat
863 855 993 926 ecercit
994 876 1048 926 us.
1083 853 1190 926 Lassi
1207 856 1299 926 euim
1315 862 1436 929 suut

309 954 355 1026 tte
366 978 495 1049 pupua
520 979 539 1027 e
540 960 693 1049 tstrape
718 976 832 1050 quam
847 956 1104 1027 commiseruut
1088 953 1236 1027 thodie
1280 953 1326 1029 Et
1342 980 1398 1027 re-

310 1059 541 1153 sponderunt
552 1081 584 1128 er
577 1052 813 1128 fideiessui:
831 1054 915 1128 Nou
929 1062 983 1129 est
967 1055 1099 1129 uobis
1109 1079 1179 1127 cau
1181 1063 1256 1128 tum
1268 1055 1397 1151 emeat,

307 1158 431 1228 statim
449 1158 544 1229 euim
560 1162 603 1229 ut
618 1158 821 1250 exierimus,
841 1154 965 1229 Setaai
981 1158 1043 1253 qui
1062 1164 1149 1230 suut
1160 1159 1215 1229 νον
1199 1164 1259 1229 ννο
1276 1156 1397 1229 urbem

306 1255 402 1329 hauc
420 1263 455 1329 et
439 1255 689 1330 taideuturt
652 1282 671 1329 s
673 1263 753 1344 tare
767 1255 956 1330 uobiscum
970 1256 1143 1330 claudent
1128 1264 1244 1351 tport
1243 1281 1285 1330 us
1228 1258 1398 1331 turbis

304 1365 393 1452 post
403 1382 483 1455 uos,
502 1365 537 1431 ον
546 1382 614 1431 uos
628 1361 762 1431 erimus
776 1357 922 1454 euctaei,
936 1357 1092 1454 urbsque
1107 1357 1231 1431 cedet'
1192 1366 1255 1431 tm
1268 1382 1398 1432 mauas

309 1453 536 1532 Sctauorum.
570 1460 614 1531 Et
631 1458 818 1573 displicuit
838 1464 993 1533 verbum
1014 1459 1112 1532 hoc
1103 1486 1140 1531 in
1160 1442 1278 1539 oculis
1300 1460 1399 1533 Gun-

308 1559 416 1635 celini
437 1573 474 1633 et
491 1560 654 1632 viro1um
675 1560 767 1632 eius.
800 1560 1049 1635 Convocans
1039 1560 1152 1657 igitur
1174 1561 1398 1635 Teutonicos

308 1684 456 1756 omnes,
482 1660 542 1758 qui
571 1671 677 1735 erant
704 1660 740 1732 in
768 1664 873 1752 urbeq
897 1661 986 1734 dixit
1004 1664 1048 1734 ad
1070 1685 1136 1735 eos
1155 1662 1191 1733 in
1211 1662 1395 1735 audientia
1485 1692 1486 1759 r

306 1761 526 1834 Sclavorum
555 1763 617 1859 qui
642 1762 790 1835 fuerant
814 1762 852 1833 in
873 1767 965 1835 urbe
991 1766 1097 1836 etde
1125 1762 1257 1859 quibus
1277 1763 1395 1835 fuerat
1485 1812 1486 1857 p

306 1862 515 1935 traditionis
534 1862 662 1935 timor:
701 1862 871 1935 Relatum
890 1870 996 1936 estm
960 1862 1057 1958 mihi,
1080 1860 1178 1960 quod
1196 1861 1395 1961 Sciauiqui
1485 1898 1486 1949 t

306 1963 495 2037 uobiscum
507 1987 577 2036 suu
578 1967 702 2037 tiutra
710 1966 784 2058 por
786 1969 843 2036 tas
786 1964 958 2036 turbis
972 1963 1395 2061 iuraueriutPribiziavo

304 2071 351 2135 ut
364 2050 569 2137 tradautet
553 2056 647 2138 tuos
652 2072 697 2137 ον
707 2065 842 2137 urbem
872 2052 986 2137 Audit
971 2072 1114 2161 teerpo,
1134 2067 1238 2138 aviri
1251 2090 1397 2160 compu-
1485 2092 1486 2109 r

308 2166 417 2237 ννίονο
399 2168 509 2261 equi
531 2164 699 2239 aestiuati
730 2168 852 2239 estis
839 2189 877 2238 m
901 2172 1053 2239 mortem
1077 2174 1113 2239 et
1137 2169 1397 2239 exterminium.

307 2264 440 2338 Statim
456 2272 499 2337 ut
483 2265 674 2339 tuideritis
683 2266 967 2363 perfidiam,r
909 2266 1020 2339 obicit
1004 2273 1113 2339 teoos
1122 2269 1286 2363 portica
1268 2270 1399 2339 etmit·

305 2368 367 2439 tite
390 2369 507 2463 ipuem
524 2370 561 2439 iu
579 2370 698 2441 meuia
715 2368 817 2441 urbis
835 2374 870 2440 et
886 2370 1023 2441 euuu‘te
1043 2367 1205 2464 perfidos
1220 2368 1285 2440 tros
1313 2390 1399 2439 cum

305 2468 516 2558 mulieribus
534 2477 569 2542 et
579 2470 757 2564 paruulis.
799 2468 1006 2543 Moriautur
1023 2493 1098 2541 uua
1115 2469 1313 2564 uobiscum,
1329 2494 1399 2542 uec

242 2662 244 2665 Ι
305 2573 375 2658 fiat
398 2569 531 2666 aliquis
555 2595 598 2643 ca
621 2574 671 2643 eis
687 2577 878 2666 superstet,
903 2577 946 2643 ut
969 2595 1043 2643 uou
1058 2570 1262 2666 piorieutur
1280 2569 1324 2642 de
1342 2573 1398 2644 iu-

306 2673 412 2742 teritu
424 2679 562 2744 uestro,
588 2671 667 2744 Hiis
687 2671 821 2745 auditis
838 2673 1003 2744 exterriti
1019 2683 1106 2744 sunt
1120 2672 1233 2744 animi
1245 2671 1397 2746 Sciavo-

304 2795 401 2869 rum,
420 2797 491 2845 nec
509 2772 592 2846 ausi
611 2785 699 2845 suut
716 2775 871 2871 aggredi
891 2797 963 2870 que
988 2773 1112 2845 animo
1133 2784 1397 2871 conceperant.

303 2872 472 2970 Vespere
492 2885 618 2966 autem
637 2876 735 2957 facto
755 2875 857 2947 venit
875 2874 1072 2948 universus
1093 2873 1279 2946 exercitus
1295 2873 1397 2947 Scia-

303 2997 436 3046 vorum
464 2986 551 3048 ante
576 2986 740 3049 castrum
758 2976 898 3070 Ylowe,
927 2987 963 3048 et
984 2976 1167 3048 allocutus
1188 2985 1246 3048 est
1263 2975 1396 3048 Pribiz-

304 3075 412 3148 lavus
432 3077 601 3172 Solemus,
619 3077 689 3173 qui
715 3086 823 3149 erant
840 3076 876 3148 iu
897 3101 961 3150 ea:
1005 3074 1079 3149 Not
1064 3081 1140 3148 tum
1158 3083 1214 3148 est
1229 3075 1395 3148 omuibus
1485 3089 1486 3184 t

303 3175 417 3270 uobis,
442 3183 559 3272 quau
558 3201 576 3248 ο
543 3177 794 3250 tcutamitt
737 3183 829 3249 ttes
851 3179 887 3249 et
903 3200 1074 3272 pressure
1094 3167 1398 3294 apprehenderint
1485 3188 1486 3250 t

301 3282 441 3372 pentem
466 3284 629 3350 uestram
656 3301 752 3372 prop
756 3285 810 3350 ter
756 3277 967 3351 tuioteut
952 3285 1026 3352 tam
1055 3275 1159 3350 ducis
1178 3280 1320 3372 poteut
1307 3302 1397 3373 eam,

225 3428 232 3442 ,
303 3401 415 3473 quam
442 3380 631 3452 exercuit
617 3403 655 3451 m
671 3385 812 3476 uos,et
777 3377 929 3452 ettulit1
955 3379 1060 3452 uobis
1080 3376 1259 3451 heredita
1204 3384 1312 3450 tatem
1325 3402 1399 3472 pu·

304 3483 401 3551 trum
418 3486 628 3552 uestrorum
646 3488 681 3553 et
697 3479 893 3553 collocavit
907 3482 943 3553 iu
962 3479 1128 3553 omuibus
1145 3482 1305 3554 terminis
1318 3482 1399 3552 eius

303 3577 478 3675 adceuas,
495 3581 851 3676 seilicetFlamiupos
869 3588 905 3656 et
916 3579 1158 3676 Holtaudros,
1177 3579 1345 3654 Sauoues
1362 3585 1401 3652 et

309 3679 505 3769 Westfulos
531 3689 639 3778 atque
669 3685 834 3755 uutioues
863 3681 1037 3755 diuersas.
1085 3681 1194 3754 Hauc
1220 3684 1399 3754 iuiuriam

301 3780 440 3854 zelatus
463 3789 517 3856 est
535 3791 645 3876 pater
662 3807 762 3856 meus
780 3807 892 3880 usque
910 3782 961 3855 ad
978 3789 1143 3879 martem,
1169 3786 1288 3870 frater
1304 3806 1398 3879 quo·

302 3905 370 3978 que
392 3906 493 3967 meus
517 3883 561 3956 ob
579 3884 648 3957 hoc
670 3886 790 3978 ipsum
806 3884 958 3957 uinculis
976 3887 1106 3957 eteruis
1124 3891 1262 3957 teuetur
1279 3882 1397 3956 iuclu-

301 4006 377 4080 εον,
402 3991 437 4057 ον
451 4009 555 4057 uemo
573 3988 749 4058 remausit
769 3989 831 4082 qui
855 3989 989 4081 copitet
1005 3985 1136 4058 bouum
1155 3987 1253 4080 peuti
1268 3991 1399 4057 uostre

301 4092 371 4157 aut
385 4084 469 4158 uelit
484 4089 663 4160 suscitare
679 4089 808 4160 ruiuas
826 4090 914 4182 eius,
940 4089 1010 4160 uisi
1028 4111 1091 4182 epo
1111 4087 1222 4159 sotus.
1263 4084 1398 4158 Reuer-

300 4188 418 4259 timiui
434 4189 545 4282 ipitur
562 4187 613 4260 ad
630 4212 705 4283 οον,
733 4213 755 4260 ο
774 4191 842 4260 uiri
859 4187 1096 4285 reliquiarum
1115 4186 1272 4260 Solaaici
1288 4211 1398 4282 peue-

300 4302 327 4370 1)
346 4304 365 4357 i.
385 4323 410 4358 e.
429 4305 548 4360 abstulit.

1485 4525 1486 4572 t
