3000 4900
267 406 337 484 ‘152
389 400 634 477 llllthlOLlll
654 402 887 477 CHRONICA
908 386 1176 477 SLAVORUM.
1220 402 1306 479 [ΑΒ.
1325 404 1350 477 l.

265 607 381 701 utine,
407 601 574 704 pontifici
590 587 748 703 propter
770 602 1146 701 ritersimplicitatem
1169 606 1372 678 admodum

267 706 471 781 familiaris.
502 705 610 779 llanc
630 707 875 804 postmodum
889 703 1094 779 luminibus
1109 709 1239 779 orbam
1260 729 1374 779 vene·

268 803 393 880 rabilis
406 814 515 904 pater
529 804 716 879 consolari
731 805 952 903 frequenter
968 804 1151 903 assuevit,
1166 806 1373 879 adhortans
1493 818 1494 883 t

270 930 355 981 eam
370 907 516 1003 virgam
537 916 696 1005 paterne
710 904 959 1004 correptionis
973 906 1163 1004 patienter
1179 906 1371 980 sustinere

270 1031 341 1080 nec
366 1006 529 1079 deficere
558 1006 595 1079 in
619 1006 932 1097 tribulationibus,
958 1006 1088 1079 oculos
1118 1006 1263 1080 scilicet
1281 1006 1316 1081 ei
1334 1006 1372 1079 in
1493 1008 1494 1011 ’

271 1108 352 1181 celo
387 1106 576 1205 repositos
604 1130 693 1181 esse
723 1106 1003 1205 repromittens.
1047 1108 1138 1179 Post
1171 1106 1373 1181 transitum
1493 1132 1494 1205 t

272 1208 386 1304 igitur
410 1206 600 1306 pontilicis
632 1206 695 1279 vix
726 1230 849 1280 annus
882 1230 1063 1281 emensus
1096 1216 1175 1305 est,
1209 1207 1375 1305 viditque
1493 1210 1494 1221 ’

205 1360 219 1384 .
271 1308 407 1381 mulier
424 1308 486 1381 illa
505 1307 542 1381 in
561 1307 708 1380 visione
730 1318 913 1381 nocturna
934 1308 1178 1381 assistentem
1198 1332 1285 1381 eum
1305 1307 1375 1382 sibi

273 1411 372 1481 etde
386 1417 486 1481 statu
501 1408 634 1481 salutis
648 1407 768 1505 ipsius
783 1408 943 1481 sollicite
958 1418 1279 1505 percunctantem.
1307 1409 1375 1483 Cui
1493 1496 1494 1501 Ἰ

272 1509 356 1580 illa:
400 1509 475 1597 (lae
492 1508 591 1601 miti,
617 1508 748 1603 inquit,
775 1508 890 1603 salas,
917 1531 985 1604 que
1010 1511 1049 1581 in
1070 1509 1224 1581 tenebris
1241 1531 1324 1581 sum
1341 1517 1379 1581 et

274 1608 395 1679 lumen
418 1630 492 1680 non
515 1606 643 1680 video?
688 1607 895 1705 libionem,
923 1606 1079 1704 domine,
1107 1608 1378 1700 consolationes

275 1716 345 1803 tae,
373 1707 504 1803 quibus
534 1707 662 1781 oculos
692 1730 793 1781 meos
823 1711 860 1781 in
891 1708 968 1780 celo
999 1712 1177 1803 repositos
1205 1708 1378 1783 dicebas?

274 1806 356 1905 Epo
382 1814 504 1880 autern
516 1808 719 1901 protrahor
736 1811 774 1881 in
791 1808 862 1880 bae
881 1811 1039 1904 numerio,
1067 1817 1102 1882 et
1124 1812 1257 1882 cecitas
1282 1813 1376 1883 inoe-

274 1911 394 1980 terntn
416 1907 609 2001 perdurat.
651 1907 854 2005 Nottfaia
891 1907 1059 1998 diffidere
1085 1908 1130 1981 de
1158 1913 1283 2008 pretio
1309 1909 1377 1983 Dei

274 2010 403 2080 nostri.
432 2009 641 2105 Statimque
657 2012 886 2106 pretendens
904 2011 1247 2107 dextram,signum
1262 2034 1377 2083 vene-

276 2108 393 2181 rabile
422 2109 543 2181 crucis
569 2109 686 2181 oculis
715 2109 796 2181 eius
821 2108 1034 2207 impressit,
1058 2111 1240 2184 adhibens
1264 2115 1379 2184 bene·

277 2208 490 2281 dictionem.
521 2210 632 2282 Mane
648 2208 763 2308 igitur
778 2210 875 2281 facto
890 2210 1072 2307 evigilans
1087 2211 1242 2308 femina,
1257 2212 1379 2285 sensit

264 2331 323 2379 ex
349 2309 569 2407 operatione
587 2309 657 2383 Dei
681 2334 768 2381 cum
795 2310 962 2384 tenebris
982 2312 1102 2384 noctis
1122 2312 1253 2409 pulsas
1272 2322 1378 2385 tene·

273 2412 365 2482 bras
384 2410 564 2484 cecitatis.
606 2411 711 2485 Tunc
729 2410 887 2486 exiliens
908 2435 927 2483 e
948 2421 1064 2485 strato
1085 2412 1232 2509 mulier,
1259 2436 1376 2510 prona

277 2510 409 2583 cecidit
435 2511 472 2582 in
499 2521 654 2608 terram‚
682 2513 901 2586 exclamans
929 2513 965 2585 in
993 2513 1200 2610 gratiarum
1229 2515 1377 2586 actione

267 2620 315 2680 et
346 2610 548 2707 dedignata
579 2614 735 2709 ducem,
773 2613 944 2711 proprios
977 2613 1113 2694 direxit
1141 2637 1299 2712 gressus
1333 2617 1377 2687 ad

277 2710 494 2807 ecclesiam,
521 2711 717 2808 pulchrum
746 2714 793 2784 de
817 2713 1090 2787 illuminatione
1117 2739 1186 2788 sua
1215 2719 1377 2812 prebens

277 2812 536 2906 spectaculum
554 2812 728 2885 omnibus
747 2813 846 2886 notis
863 2825 900 2886 et
913 2814 1055 2887 amicis.
1082 2815 1260 2913 Fecitque
1276 2826 1377 2912 post-

277 2913 431 2983 modum
464 2915 510 2985 de
542 2937 656 2984 manu
694 2914 845 3012 propria
882 2915 1008 2987 velum
1041 2919 1087 2987 ad
1130 2917 1376 3014 operiendum

275 3011 494 3107 sepulcrum
534 3011 721 3110 pontilicis
762 3015 799 3086 in
832 3013 1136 3088 testificationem
1175 3027 1212 3088 et
1246 3041 1379 3089 monu-

277 3121 450 3183 mentum
478 3113 760 3186 illuminationis
790 3138 871 3187 sue.
910 3116 1025 3188 Multa
1058 3117 1209 3213 quidem
1242 3127 1280 3189 et
1306 3117 1378 3189 alia

275 3209 367 3282 fecit
376 3212 478 3283 Deus
494 3235 564 3309 per
577 3213 698 3285 virum
714 3215 814 3286 hunc
829 3215 1027 3290 laudabilia
1042 3218 1229 3315 dignaque
1245 3218 1381 3314 relatu⁷

277 3333 352 3406 que
370 3335 446 3386 non
465 3323 556 3384 sunt
573 3313 712 3410 scripta
732 3314 768 3386 in
788 3315 881 3390 libro
900 3316 983 3388 hoc.

329 3445 502 3545 Falderm
520 3449 646 3546 igitur7
666 3454 852 3544 pontificis
870 3455 995 3549 mopni
1011 3453 1138 3538 letabor
1154 3443 1304 3551 honore,

339 3635 342 3639 y
387 3545 538 3621 anates
556 3553 680 3623 animo
701 3558 881 3648 contepot
901 3576 989 3625 osso
1006 3553 1117 3626 solo¹.

265 3664 351 3738 ‚Vos
370 3666 529 3764 ,quoque
564 3668 625 3766 qui
658 3670 833 3744 residetis
862 3671 899 3742 in
926 3671 1190 3746 architriclinio
1217 3674 1380 3746 ecclesie

273 3761 484 3869 Lubilxane,
504 3769 664 3867 excipite
679 3770 799 3842 virum
818 3771 930 3868 hunc,
944 3773 1065 3844 virum
1081 3774 1248 3872 inquam,
1267 3799 1379 3872 quern

274 3887 382 3938 mera
411 3869 625 3942 narratione
652 3871 758 3945 vobis
787 3872 967 3970 propino,
996 3873 1079 3948 ideo
1105 3875 1232 3971 utique
1261 3899 1381 3970 mera,

275 3965 364 4064 quia
402 3991 502 4040 vera.
544 3969 677 4068 Neque
706 3971 806 4044 enirn
834 3973 934 4045 hunc
963 3973 1202 4046 dissimulare
1230 3976 1392 4074 penitus

273 4136 300 4290 l)
321 4165 360 4289 gip
387 4182 446 4222 mea
469 4169 646 4245 Sarmaticam
672 4178 795 4242 contenet
820 4189 883 4226 ossa
909 4175 1000 4228 sotum.
1043 4172 1123 4228 Ovio.
1150 4173 1225 4227 Poot.
1245 4173 1266 4230 l.
1293 4193 1334 4246 op.
1354 4175 1383 4230 2.
