3000 4900
162 420 405 532 naunotm
426 456 665 532 canonica
684 454 953 529 staverun.
986 453 1072 526 nn
1093 453 1118 526 1.
1153 453 1219 538 os

119 674 292 759 tempore
310 657 488 756 precipui.
525 659 558 731 A
575 657 710 755 quibus
728 657 842 732 etiarn
866 657 1136 732 honorabiliter
1154 658 1221 730 ha-

122 762 221 836 bitus
247 771 306 834 est
327 771 482 857 propter
507 758 827 834 ferventissimum
855 759 966 832 studii
992 759 1219 832 desiderium

122 875 159 937 et
176 861 252 935 vite
268 859 473 958 probabilis
498 859 685 933 meritum.
727 859 954 945 Questiones
973 859 1073 933 enim
1091 883 1227 958 supere

121 967 262 1037 vacuas
280 985 501 1059 pugnasque
518 964 731 1059 verborum,
757 986 829 1058 que
848 985 923 1032 non
942 960 1127 1058 edificant,
1152 961 1228 1034 sed.

123 1062 245 1162 magis
264 1063 496 1160 subvertunt,
515 1061 669 1134 omnino
684 1061 865 1160 devitans,
886 1061 930 1134 ad
951 1087 996 1134 ea
1010 1061 1133 1134 solnm
1145 1060 1220 1134 eni-

123 1188 189 1237 sus
208 1173 277 1259 est7
301 1187 374 1258 que
396 1163 521 1235 sobrio
548 1161 754 1236 intellectui
783 1173 820 1235 et
843 1162 1012 1235 moribus
1036 1162 1221 1235 instruen-

124 1265 181 1336 dis
205 1263 432 1336 sufficerent.
477 1263 646 1360 Denique
674 1273 829 1360 accepto
855 1262 999 1336 semine
1017 1263 1119 1340 verbi
1138 1262 1220 1360 Dei,

125 1389 292 1461 eousque
316 1363 517 1461 convaluit7
542 1363 673 1436 utiam
693 1375 783 1436 tune
802 1363 1043 1463 proposuerit
1067 1375 1222 1461 propter

124 1466 247 1539 Deum
266 1463 485 1537 austerioris
504 1464 578 1538 vite
596 1464 676 1537 vias
696 1463 864 1563 aggredi
886 1464 1059 1537 abdicare
1078 1464 1223 1538 scilicet

125 1565 248 1639 carnis
268 1589 387 1663 esum,
414 1564 535 1638 cilicio
555 1566 600 1638 ad
620 1589 773 1638 carnem
792 1564 941 1663 operiri,
962 1565 1077 1637 cultui
1097 1564 1221 1638 divino

126 1666 243 1740 artius
263 1665 454 1764 applicari.
481 1667 613 1738 Adhuc
628 1666 727 1738 enirn
742 1666 902 1738 acolitus
918 1665 1081 1739 existens
1099 1665 1223 1740 altiori

126 1766 246 1866 gradu
271 1766 513 1865 abstinuerat
539 1766 676 1840 timens
700 1766 887 1839 lubricum
911 1766 1032 1840 etatis.
1069 1767 1137 1839 Ubi
1156 1767 1224 1866 igi-

127 1880 189 1941 tur
206 1865 390 1939 maturior
404 1878 484 1939 etas
499 1878 537 1940 et
551 1867 735 1941 diutinum
749 1866 977 1941 continentie
992 1867 1224 1964 experimen·

126 1979 208 2042 tum
231 1966 312 2040 viro
336 1966 555 2042 firmitatem
578 1969 806 2065 addiderant,
824 1967 1031 2040 transactis
1043 1968 1080 2040 in
1100 1967 1223 2040 studio

126 2068 245 2142 tribus
264 2067 383 2166 annis7·
399 2069 528 2142 statuit
547 2069 709 2168 patriam
727 2069 891 2142 revisere
905 2079 943 2142 et
961 2071 1007 2141 ad
1022 2093 1152 2141 sacros
1167 2093 1236 2141 ον-Ὶ

128 2169 233 2243 dines
260 2169 484 2267 promoveri.
533 2169 700 2268 Contigit
726 2169 764 2241 in
784 2169 915 2243 diebus
941 2169 1027 2267 illis7
1048 2169 1225 2243 dilectum

129 2270 353 2368 discipulum
373 2269 453 2342 eius
473 2270 715 2343 Thetmarum
735 2269 928 2343 infirmari.
958 2270 1030 2357 Qui
1053 2283 1227 2344 metuens

129 2370 338 2470 periculum
358 2370 502 2470 mortis,
525 2369 630 2446 flevit
649 2397 734 2444 curn
755 2369 1049 2444 Ezechia1ttetu
1074 2396 1226 2470 magno7

129 2472 327 2571 postulans
351 2471 569 2547 dilationem
594 2473 681 2571 vite,
706 2484 861 2571 propter
878 2471 1050 2570 magistri
1069 2471 1126 2544 sui
1145 2473 1225 2546 Deo

132 2584 287 2678 accepta
304 2572 450 2646 merita.
487 2573 570 2661 Quo
589 2584 802 2671 perorante,
823 2572 944 2671 gloria
962 2572 1054 2671 Dea
1073 2572 1227 2645 infirmi-

131 2685 208 2747 tate
225 2674 415 2747 relevatus
434 2684 500 2746 est.
528 2674 616 2747 Post
632 2676 704 2748 hec
721 2673 862 2773 recepti
877 2673 915 2745 in
929 2673 1101 2772 patriam,
1121 2672 1228 2747 divisi

130 2786 218 2848 sunt
243 2777 290 2847 ab
309 2774 478 2847 invicem.
521 2774 568 2847 Et
592 2775 741 2872 quidem
761 2774 984 2848 venerabilis
1002 2774 1228 2849 Thetmarus

132 2875 333 2949 canonica²
351 2875 567 2949 Bremensis
592 2875 752 2949 ecclesie
774 2875 970 2950 investitus
994 2887 1067 2971 est5
1095 2886 1134 2947 at
1152 2900 1228 2947 ma·

131 2975 250 3075 gister
266 2975 454 3049 Vicelinns
473 2976 661 3050 oblatam³
683 2976 882 3075 recusavit,
908 2976 1141 3050 ordinatione
1160 2975 1229 3047 Dei

131 3077 180 3149 ad
198 3100 294 3175 opus
313 3076 412 3149 atiud
431 3077 685 3151 destinandus.
1231 3162 1233 3169 .

209 3182 269 3252 46.
304 3176 487 3250 Adventus
519 3178 661 3251 Vicetini
696 3181 734 3251 in
764 3176 961 3251 Salaciam.
1020 3177 1074 3252 Eo
1104 3175 1231 3273 itaque

132 3302 245 3372 anno,
272 3302 344 3375 quo
369 3277 527 3351 Francia
550 3303 725 3352 reversus
749 3290 823 3376 est,
850 3280 1033 3353 accedens
1060 3279 1108 3351 ad'
1128 3302 1232 3351 reve-

133 3377 401 3452 rendissimum
419 3379 699 3477 northbertum,
718 3379 1084 3478 Magdeburgensem
1103 3402 1232 3477 presu-

133 3475 244 3572 lem⁴⁷
268 3478 350 3552 eius
374 3479 507 3552 notitia
531 3479 671 3579 perfrui
707 3489 745 3552 et
773 3480 818 3552 ad
847 3478 1047 3553 sacerdotii
1073 3480 1233 3577 gradum

133 3579 349 3677 promoveri
375 3580 514 3654 meruit
524 3580 564 3652 ⁵.·
599 3579 810 3677 Statimque
840 3580 1117 3654 ferventissimo
1151 3579 1231 3653 zelo

134 3696 296 3751 uniuersitas
315 3696 473 3751 Parisiensis
499 3706 562 3752 tunc
580 3700 696 3769 primum
716 3698 843 3752 effloruit.
881 3695 1031 3751 Amborum
1052 3714 1133 3769 opera
1153 3697 1233 3750 theo-

133 3770 223 3840 logica
243 3770 332 3823 adhuc
350 3781 454 3825 exstant
459 3789 469 3837 ,·
487 3790 511 3825 v.
523 3769 604 3842 Care,
625 3771 719 3826 histor.
739 3773 808 3825 liter.
818 3771 976 3841 scriptorum
989 3770 1134 3824 ecclesiast.
1149 3768 1185 3825 T.
1198 3766 1232 3822 li.

137 3844 163 3915 1)
181 3841 377 3913 encauto.
391 3843 454 3898 Esa.
466 3863 489 3899 c.
501 3843 546 3900 ³8.
621 3845 648 3916 2)
667 3849 796 3900 cononica
815 3862 851 3899 so.
871 3845 1035 3915 praebenda.
1111 3841 1138 3912 3)
1157 3842 1234 3897 oblo-

134 3922 190 3971 tum
208 3934 246 3971 sc.
266 3918 373 3971 iterum.
412 3915 480 3971 Natu
506 3919 563 3971 iam
584 3916 671 3971 tuerat
689 3917 856 3983 scolasticus,
883 3918 927 3970 cui
947 3916 1051 3969 muneri
1071 3924 1165 3986 sponte
1185 3931 1235 3967 re-

135 3990 296 4061 signaverat.
335 3988 365 4043 in
385 3990 476 4044 charta
495 3988 685 4054 Adaibcronis,
711 3990 907 4061 archiepiscopi
932 3988 1095 4054 Bremensis,
1119 3986 1235 4059 capitulo

135 4062 339 4135 Hamburgensi
365 4082 388 4119 c.
416 4081 441 4116 a.
471 4063 548 4117 uto.
577 4064 637 4117 data
667 4064 784 4118 occurrit
814 4062 968 4117 Wezetinus
992 4063 1063 4116 inter
1091 4059 1235 4115 canonicos

136 4136 270 4191 ecclesiae
290 4135 511 4206 Hamburgensis.
538 4134 690 4207 Hamburg.
710 4134 741 4191 U.
759 4134 790 4191 B.
808 4134 828 4189 l.
849 4154 875 4189 n.
889 4135 949 4190 tot.
1024 4134 1051 4204 t)
1068 4130 1235 4197 Nortbortus‚

136 4210 267 4264 fundator
285 4209 408 4264 coenobii
424 4208 699 4265 Prasmonstratensis
718 4211 745 4262 in
757 4206 911 4279 Campania,
933 4221 1003 4262 anno
1018 4206 1088 4261 1126
1099 4208 1125 4261 in
1144 4206 1237 4261 arciri-

137 4284 293 4353 episcopum
314 4282 475 4337 constitutus
495 4292 535 4336 est
554 4292 580 4336 et
597 4281 657 4336 tutti
674 4285 699 4341 d.
720 4281 761 4335 18.
776 4282 917 4337 civitatem
936 4281 1104 4352 Magdeburg
1120 4280 1237 4336 intravit.

137 4356 166 4427 5)
187 4355 324 4409 Viceiiuus
344 4355 424 4427 igitur
443 4359 476 4409 ad
496 4356 639 4410 sacerdotii
660 4358 773 4426 gradum
792 4365 940 4427 promotus,
965 4353 1237 4410 praemonstratensis
