3000 4900
270 361 319 495 ss
371 417 617 494 unnuouor
636 416 882 493 cunomca
900 413 1287 492 senonensia.
1306 415 1334 488 1.

271 618 525 718 Confusisque
543 619 670 693 taliter
694 621 823 716 rebus,
851 598 1011 692 nuncius
1037 617 1100 691 ille
1129 619 1174 690 ad
1203 639 1294 690 suos
1318 639 1380 690 re·
1487 642 1488 645 ¹

270 745 407 796 versus
443 731 524 818 est,
560 718 917 819 sciscitantibusque
952 719 1146 793 Saxonum
1177 715 1379 816 expeditis,

262 821 451 920 *quidnam
488 845 604 895 cause
641 830 768 917 esset,
799 820 995 920 respondit
1031 819 1179 892 dicens:
1219 818 1302 891 Veni
1326 817 1381 889 ud

272 929 446 1017 castrum,
475 921 526 995 ud
553 923 651 1018 quod
668 923 814 995 misistis
829 943 898 1015 me,
925 927 960 994 et
975 920 1123 1014 nultum,
1150 918 1218 990 Dei
1240 919 1378 1013 pretia,
1487 976 1488 979 ,

272 1024 321 1096 ibi
350 1023 547 1116 periculum
571 1029 647 1118 cst,
684 1047 747 1096 nec
778 1022 871 1094 artius
895 1021 1092 1094 obsidionis
1114 1022 1233 1092 tiator.
1287 1017 1381 1107 Quia

160 1172 162 1177 ·
271 1122 482 1219 potiusvidi
500 1122 616 1196 butue
635 1129 668 1196 et
686 1147 747 1196 eos
773 1125 833 1218 qui
858 1145 937 1194 eum
962 1123 1040 1216 ipso
1065 1127 1148 1194 suut
1160 1120 1262 1192 >letos
1279 1124 1313 1190 et
1329 1117 1383 1190 nit

274 1223 444 1296 babentes
471 1223 691 1296 turbulentis.
744 1224 865 1320 Atque
891 1221 927 1294 iu
956 1221 1057 1293 hunc
1083 1222 1237 1295 modum
1264 1228 1383 1291 retar-

204 1373 223 1408 .
277 1322 380 1396 davit
398 1319 687 1420 exarsi-tum,ne
706 1322 876 1397 obsessis
892 1320 1027 1396 tierent
1041 1321 1217 1420 presidio.
1244 1320 1382 1392 Factus

278 1433 338 1496 est
363 1423 421 1495 vir
445 1422 509 1496 ille
536 1424 656 1497 Butue
677 1435 713 1497 et
732 1422 847 1497 sociis
868 1422 948 1506 eius
969 1421 1128 1495 materia
1146 1418 1383 1519 perditionis.

278 1523 412 1598 Statim
435 1524 535 1596 enirn
555 1523 616 1597 ubi
635 1523 785 1598 obsessi
802 1523 992 1597 traditoris
1013 1524 1097 1595 dolo
1113 1521 1259 1620 decepti
1274 1545 1295 1593 a
1311 1537 1384 1617 spe

144 1679 150 1700 „
281 1623 472 1698 evasionis
501 1624 732 1720 deciderunt,
761 1623 1182 1723 ceperuntperquirere
1201 1625 1246 1695 ab
1267 1620 1383 1695 hosti·
1487 1638 1488 1643 ’

281 1729 365 1820 bus,
392 1724 424 1797 si
450 1724 587 1822 aliquid
612 1750 678 1823 pro
706 1725 782 1798 vite
809 1723 978 1798 remedio
1005 1735 1205 1822 acceptare
1230 1725 1384 1798 vellent.

282 1825 425 1913 Quibus
452 1825 504 1898 illi
531 1829 828 1924 responderunt:
855 1826 931 1899 Nos
949 1848 1080 1898 uurum
1100 1831 1134 1897 et
1150 1833 1340 1921 arpentum
1359 1848 1385 1896 u

257 1927 382 1998 uobis
407 1949 477 1999 nou
503 1930 703 2021 recipimus,
731 1929 841 1999 vitum
866 1932 1005 1998 tontum
1025 1932 1058 1996 et
1075 1927 1315 1999 membrorum
1334 1927 1388 1998 in·
1487 1920 1488 1923 '

281 2028 484 2122 tepritutem
510 2027 775 2121 postulantibus
799 2026 1043 2121 prebebimus,
1077 2029 1118 2101 si.
1139 2034 1304 2099 exeuntes
1335 2025 1389 2098 ud
1487 2118 1488 2121 Ἴ

284 2150 350 2198 nos
369 2150 477 2199 orme
495 2126 673 2202 dederitis.
721 2127 802 2198 Hoc
830 2126 969 2223 audito,
996 2126 1117 2198 Butue
1146 2126 1235 2199 dixit
1260 2130 1387 2205 adso·
1487 2146 1488 2201 3

285 2225 381 2298 cios:
410 2226 533 2300 Durus
557 2228 675 2322 nobis,
703 2251 724 2300 ο
750 2230 834 2320 viri,
861 2250 980 2299 sermo
1002 2230 1237 2322 proponitur,
1265 2235 1304 2298 ut
1327 2249 1387 2300 es·
1487 2274 1488 2277 =

285 2333 406 2401 euntes
426 2351 533 2400 urum
554 2329 783 2423 resipuemus.
814 2327 899 2399 Scio
918 2327 1058 2422 quidem
1073 2330 1157 2423 quio
1171 2329 1384 2400 deditionem

284 2429 402 2514 fames
418 2435 597 2523 perurpet.
629 2427 703 2502 Sed
719 2429 949 2525 sipropositu
963 2428 1066 2501 nobis
1080 2428 1282 2501 conditione
1295 2430 1388 2501 iner-
1463 2487 1465 2489 ψ

285 2553 359 2601 mes
378 2530 577 2621 scierimus,
596 2529 845 2604 nichilominus
860 2528 1056 2622 periculum
1075 2529 1296 2601 subeundum
1311 2531 1388 2601 erit.
1487 2567 1488 2570 ¹

285 2628 391 2701 Fides
410 2631 500 2699 enirn
519 2627 732 2701 Seianorum
753 2652 861 2724 quum
880 2631 927 2701 sit
943 2630 1094 2723 mobilis,
1114 2653 1222 2724 quum
1237 2632 1388 2724 incerto,
1487 2689 1488 2694 ,

286 2730 405 2821 sepius
422 2735 639 2822 compertum
659 2729 786 2801 babeo.
833 2727 974 2801 Videbar
998 2731 1106 2825 ipitur
1129 2730 1215 2802 mibi
1231 2732 1389 2802 omnium
1487 2725 1488 2786 Ϊ

286 2827 396 2900 satuti
413 2832 554 2901 cautius
572 2852 659 2921 esse,
679 2828 850 2902 dilutione
869 2828 998 2923 udbue,
1017 2830 1097 2901 ticet
1111 2831 1255 2922 difficili,
1279 2834 1390 2903 vitum

288 2927 462 3001 redimere
481 2935 514 3000 et
526 2936 726 3024 expectere,
745 2932 777 3002 si
788 2932 883 3016 forte
897 2928 994 3001 Deus
1009 2930 1141 3002 u-tieubi
1155 2931 1392 3005 nuciiictores

288 3028 391 3101 uobis
410 3028 589 3101 admittat.
639 3029 721 3117 Quo
741 3040 870 3103 contra
891 3029 983 3101 socii
1002 3029 1117 3103 renisi
1137 3041 1238 3127 sunt,
1266 3030 1391 3111 dicen·
1487 3049 1488 3056 ’

289 3138 366 3200 tes:
395 3128 638 3203 conditionem
657 3130 810 3226 quidem,
833 3152 901 3226 que
917 3131 1021 3203 nobis
1039 3131 1085 3202 ub
1104 3130 1264 3204 hostibus
1283 3133 1391 3219 offer·

288 3234 367 3322 tur,
403 3228 612 3323 nrnbipuum
639 3230 853 3328 plenumque
881 3230 1087 3316 formidinis
1116 3254 1194 3303 esse
1221 3234 1392 3317 fatemur.
1487 3277 1488 3280 =

289 3328 362 3401 Nec
388 3333 509 3401 tumen
535 3354 580 3401 eu
607 3330 823 3404 abutendum
849 3336 912 3424 est,
939 3355 981 3403 eo
1007 3331 1105 3426 quod
1127 3354 1274 3425 presens
1295 3336 1391 3427 peri·
1487 3389 1488 3394 ,

275 3427 407 3519 ¹cultam
435 3429 592 3502 evitandi
619 3430 694 3503 otiu
724 3433 783 3504 niu
810 3454 882 3504 non
911 3434 967 3503 sit.
1021 3431 1114 3520 Quid
1143 3434 1235 3504 enim
1266 3432 1392 3507 ditatio
1487 3435 1488 3438 ’

291 3530 403 3621 iuuut,
431 3529 500 3599 ubi·
515 3552 619 3602 nemo
647 3536 710 3624 est,
738 3534 798 3626 qui
815 3530 1033 3603 obsidionem
1050 3532 1195 3605 soluat?
1219 3532 1393 3606 Attrocio·

292 3651 366 3701 rem
387 3635 506 3701 nartem
525 3637 675 3702 mortem
694 3632 813 3717 fumes
831 3654 939 3727 quom
958 3631 1103 3727 piudius
1117 3634 1236 3726 effert,
1255 3633 1394 3708 rneiius·
1487 3653 1488 3714 ζ

293 3751 358 3823 que
377 3734 429 3801 est
447 3729 657 3823 coaupeudio
676 3733 787 3803 vitum
803 3733 917 3825 finire,
944 3755 1052 3827 quoru
1072 3730 1132 3804 diu
1150 3736 1320 3829 torqueri.

368 3829 428 3901 26.
457 3829 511 3901 De
529 3837 644 3903 morte
661 3831 789 3905 Butue.
840 3830 977 3905 Videns
996 3832 1109 3929 igitur
1127 3832 1249 3906 Butue
1268 3833 1393 3907 socios

295 3927 431 4001 animis
460 3928 677 4025 obfirmatos
704 3932 750 4004 ad
778 3920 1064 4029 egrediendum,
1090 3934 1201 4007 iussit
1223 3933 1293 4008 sibi
1319 3934 1395 4007 cul·
1487 3937 1488 3940 ’

293 4028 391 4102 tiora
409 4030 575 4104 exbiberi
595 4031 990 4131 vestimenta,.quibus
1011 4033 1163 4107 indutus
1179 4058 1265 4107 cum
1280 4033 1393 4108 sociis

295 4128 497 4226 egreditur.
525 4132 847 4230 Transieruntque
866 4144 1035 4231 pontem,
1053 4132 1128 4209 bini
1147 4145 1185 4207 et
1199 4134 1288 4232 bini,
1306 4138 1394 4209 dan-

293 4239 352 4302 tes
382 4255 508 4329 arma,
528 4244 640 4332 atque
667 4232 704 4306 in
730 4235 831 4307 hunc
858 4236 1013 4307 moduni
1039 4235 1208 4334 perducti
1235 4238 1392 4310 suntad
1487 4247 1488 4252 ’
