3000 4900
146 420 396 494 HELMOLDl
416 421 659 496 CHRONICA
677 422 945 496 SLAVORUM.
973 422 1061 496 LlB.
1078 423 1104 494 l.
1162 429 1206 500 19

109 621 294 719 tissimus,
314 622 532 720 primusque
547 623 608 719 qui
629 624 674 696 de
687 623 919 696 Francorum
937 649 1055 722 regno
1075 624 1121 696 ad
1138 622 1206 696 im·

110 723 260 819 perium
279 723 417 796 meruit
434 724 600 820 provehi.
642 725 738 796 Nam
758 748 911 797 cesarea
939 725 1114 821 dignitas
1134 750 1206 820 que

111 833 201 920 post
219 823 507 895 Constantinum
525 823 561 895 in
582 824 728 920 Gracia,
752 828 842 897 urbe
862 824 1006 898 scilicet
1025 825 1207 896 Constan-

110 924 282 1021 tinopoli
302 925 430 998 multis
450 925 611 996 etatibus
630 926 867 998 laudabiliter
886 925 1015 1023 viguit‚
1033 925 1206 998 deficien-

110 1024 212 1094 tibus
231 1024 319 1096 inibi
338 1025 478 1122 regalis
497 1026 673 1123 prosapie
693 1026 792 1121 viris
815 1027 908 1098 adeo
928 1025 1136 1098 concidisse
1156 1027 1207 1096 di-

110 1124 291 1222 noscitur⁷
312 1136 430 1198 utres
448 1125 607 1222 publica,
636 1126 694 1198 cui
714 1127 749 1197 in
770 1127 956 1224 primitivo
975 1126 1106 1223 vigore
1120 1125 1207 1203 insi÷

111 1226 192 1296 mul
220 1235 295 1298 tres
319 1226 495 1299 consu-les
520 1227 580 1299 vel
608 1226 810 1300 dictatores
838 1237 903 1298 aut
927 1238 1028 1299 certe
1055 1251 1206 1300 cesares

110 1325 174 1398 vix
192 1323 440 1422 sufficiebant,
460 1326 632 1400 muliebri
656 1328 808 1399 tandem
835 1327 1048 1399 conditione
1073 1330 1207 1425 guber-

110 1437 276 1500 naretur.
343 1427 665 1524 Consurgentibus
704 1452 795 1524 ergo
828 1427 990 1522 undique
1026 1428 1205 1500 adversus

109 1527 311 1624 imperium
327 1527 540 1624 rebellibus
561 1553 646 1600 cum
667 1526 794 1599 omnia
812 1553 908 1625 pene
924 1527 1074 1624 Europe
1088 1550 1206 1624 regna

110 1630 158 1699 ab
182 1627 340 1725 imperio
369 1627 610 1722 defecissem
648 1628 729 1726 ipsa
758 1653 907 1724 quoque
943 1638 1065 1700 mater
1104 1629 1206 1699 orbis

109 1728 235 1800 Roma
264 1727 432 1800 finitimis
462 1728 569 1801 bellis
603 1739 839 1825 attereretur,
866 1753 935 1801 nec
962 1738 1064 1801 esset
1082 1729 1207 1802 defen-

109 1853 188 1924 sor,
221 1829 362 1925 placuit
386 1829 593 1926 apostolice
625 1829 715 1926 sedi,
752 1830 978 1926 sollempne
988 1839 1207 1901 sanctorum

109 1929 269 2001 adunari
301 1929 501 2002 concilium
527 1941 564 2002 et
591 1930 635 2003 de
659 1930 827 2027 generali
854 1929 1080 2002 necessitate
1106 1954 1207 2002 com-

108 2055 227 2102 mune
245 2029 470 2144 participare
499 2030 709 2102 consilium.
770 2029 945 2102 Omnium
973 2055 1064 2127 ergo
1096 2030 1206 2126 votis,

110 2129 281 2202 omnium
301 2131 439 2203 laudat
415 2143 516 2204 tione
535 2131 691 2244 insignis
711 2130 942 2203 Francorum
960 2156 1026 2204 rex
1044 2130 1205 2203 Karolus

108 2255 253 2302 corona
267 2231 453 2302 Romani
444 2231 591 2328 imperii
584 2231 789 2303 sublimat
775 2242 835 2302 tus
855 2242 924 2324 est
941 2256 985 2304 eo
1006 2231 1132 2344 quod
1123 2255 1205 2329 ipse

16 2369 18 2396 ÷
108 2331 200 2404 fidei
221 2331 354 2404 merito
376 2341 603 2429 etpotestat
605 2330 635 2404 is
662 2331 784 2429 gloria
808 2357 877 2405 nec
905 2357 979 2403 non
999 2343 1036 2404 et
1038 2332 1112 2404 iam
1132 2333 1207 2405 bel-

16 2504 17 2511 }
108 2433 236 2504 lorum
261 2431 426 2505 victoriis
454 2460 645 2507 nemmem
671 2438 708 2505 in
736 2434 826 2506 orbe
853 2432 1041 2505 videretur
1066 2433 1207 2506 habere

108 2543 340 2606 consortem.
368 2534 518 2630 Atque
508 2560 545 2605 m
564 2534 664 2607 hunc
683 2534 837 2605 modurn
853 2557 1050 2606 cesareum
1068 2559 1207 2606 nomen

16 2654 17 2719 j
109 2636 156 2706 de
177 2633 313 2706 Gracia
331 2636 556 2706 translatum
576 2646 633 2707 est
652 2636 687 2706 in
707 2633 938 2706 Franciam1.

16 2738 17 2743 ’
187 2738 221 2805 4.
255 2732 307 2805 De
326 2734 623 2829 divisionerepni.
677 2736 880 2831 Postquam
900 2732 1015 2832 igitur
1031 2734 1205 2831 Karolus7

16 2844 17 2905 J
107 2835 343 2906 Francorum
362 2861 428 2908 rex
446 2846 484 2908 et
501 2836 758 2907 Romanorum
779 2836 985 2932 imperator
1008 2846 1205 2932 augustuS,

16 2940 17 2943 ’
109 2958 200 3007 cum
225 2960 364 3032 magno
398 2936 605 3007 bonorum2
631 2936 756 3007 fructu
788 2938 834 3007 ad
866 2935 969 3008 celos
997 2935 1206 3032 emigravit,

16 3044 17 3047 ’
108 3035 330 3107 Lodewicus
357 3035 458 3108 filius
486 3036 565 3112 eius
592 3035 776 3109 successit
804 3034 838 3108 ei
864 3036 902 3107 in
926 3061 1096 3131 regnum.
1135 3035 1208 3122 Qui

109 3136 279 3233 paternis
303 3162 373 3233 per,
389 3136 514 3209 omnia
533 3136 630 3210 votis
651 3136 896 3231 concordans
921 3137 1053 3209 eadem
1075 3136 1208 3208 libera-

16 3236 17 3239 ’
110 3236 230 3331 litate,
259 3261 332 3333 qua
359 3248 467 3335 pater
496 3238 587 3335 eiuS,
621 3264 711 3335 erga
741 3238 884 3309 cultum
908 3238 1041 3308 domus
1069 3236 1138 3309 Dei
1171 3247 1209 3311 et

16 3338 17 3419 J
111 3361 265 3409 omnem
286 3338 539 3409 clerumusus
560 3349 617 3411 est
619 3338 905 3435 amplissimas
934 3337 1041 3435 regni
1060 3337 1207 3410 divitias

16 3510 17 3523 2
110 3437 158 3507 ad
189 3438 427 3525 decoremet
413 3438 606 3551 tgloriarn
627 3438 788 3511 ecclesie
813 3438 1044 3534 intorquens7
1072 3438 1108 3509 in
1128 3449 1208 3510 tan·

108 3548 206 3633 turn7
235 3548 275 3609 ut
294 3538 506 3637 episcopos,
536 3539 597 3635 qui
616 3549 727 3638 propt
731 3564 771 3611 er
798 3539 1010 3611 animarum
1036 3538 1207 3637 regimen

109 3636 300 3735 principes
320 3649 408 3710 sunt
393 3639 542 3713 tceli
503 3664 613 3737 ipse
633 3641 787 3713 eosdem
805 3638 1092 3738 nichilominus³
1111 3640 1208 3736 prin-

16 3746 17 3835 }
110 3737 217 3909 cipes
243 3738 412 3813 efficeret
437 3740 554 3837 regni.
591 3740 660 3811 Hic
688 3741 749 3811 ubi
778 3765 891 3837 super
909 3741 1209 3837 Hammembure

16 3892 17 3919 1
108 3864 159 3937 pa
162 3838 230 3911 tris
249 3840 307 3911 sui
326 3844 511 3939 comperit
536 3852 677 3937 votum⁷
702 3839 979 3912 communicato
1000 3840 1125 3912 statim
1151 3863 1207 3911 sa-

113 4038 138 4107 l)
160 4037 319 4093 simillimus
344 4040 407 4093 huic
433 4041 508 4093 locus
530 4040 630 4109 legitur
653 4040 680 4093 in
708 4040 759 4094 vita
783 4038 811 4093 S.
831 4040 980 4093 Willebadi
1001 4056 1058 4108 cap.
1072 4038 1104 4100 5,
1127 4056 1207 4106 quem

16 4100 17 4137 ἶ
108 4110 274 4165 Helmoldus
295 4114 468 4171 anteoculos
489 4114 601 4167 sortasse
621 4114 724 4166 habuit.
786 4113 814 4184 2)
833 4132 870 4165 sc.
890 4130 1010 4183 operum.
1075 4111 1101 4179 3)
1121 4114 1209 4166 nielli-

16 4198 17 4203 ’
107 4189 224 4239 lominur
242 4204 291 4256 pro
310 4190 476 4241 conminus.
508 4186 545 4239 lto
566 4197 593 4241 et
612 4187 681 4240 intra
698 4204 757 4256 cap.
770 4186 854 4240 talu
869 4186 887 4241 l.
906 4184 1020 4238 Arnold.
1041 4184 1059 4239 l.
1074 4182 1123 4239 lll.
1146 4186 1208 4241 cll.

109 4256 267 4313 Cassiodor.
288 4259 305 4312 l.
322 4258 355 4313 x.
377 4260 451 4329 ep.7
471 4270 497 4313 et
515 4260 534 4314 l.
550 4259 598 4315 Xl.
619 4277 660 4329 ep.
676 4259 702 4313 9.

16 4342 17 4347 ,
939 4345 980 4409 2*
