3000 4900
148 456 396 531 HELllltlLlll
415 456 656 533 canonica
674 457 942 533 SLAVORUM.
972 458 1061 533 Llll.
1082 459 1108 533 l.
1155 464 1235 537 189Ἰ

123 668 256 732 cetero
284 668 483 753 vocaretur
499 659 645 731 Novum
664 659 946 733 Monasterium.
984 660 1105 735 Antea
1125 660 1233 737 enim.

126 760 154 833 F
156 760 282 833 aldera
310 760 390 833 sive
409 759 681 857 Wippenthorp
701 759 938 835 vocabatur1.
979 760 1006 833 F
1010 760 1135 859 nitque
1153 762 1234 837 loct

126 860 226 933 illius
245 860 459 958 prepositus
475 862 754 958 Heremannus,
769 862 830 960 qui
846 863 933 936 olim
950 864 1229 939 etiamLubelte

128 966 198 1035 sub
219 962 412 1035 barbarica
432 972 660 1059 tempestate
684 964 823 1038 multos
843 964 1049 1063 pertulerat
1062 964 1227 1061 labores⁷

126 1061 295 1135 sociatus
308 1060 346 1135 in
365 1062 619 1161 predicatione
630 1064 818 1161 euangelii
837 1068 975 1138 domno
989 1066 1145 1141 Ludolfo
1160 1066 1235 1140 Se*

9 1199 10 1228 3
128 1164 357 1261 gebergensi
373 1163 565 1262 preposito
582 1174 621 1237 et
634 1164 799 1238 Brunoni
810 1166 1109 1265 Aldenburgensi
1122 1191 1227 1265 pres·

128 1268 269 1361 bytero.
308 1264 377 1338 Hic
398 1264 512 1362 igitur
531 1266 796 1339 Heremannus
818 1278 1061 1342 successerat
1080 1268 1118 1339 in
1142 1292 1228 1366 pro-

125 1364 362 1439 curationem
381 1364 473 1438 Novi
500 1365 718 1441 Monosterii
746 1367 951 1442 venerabili
969 1368 1049 1441 riro
1068 1369 1236 1467 Epponi,.

124 1466 235 1539 cuius
256 1465 437 1539 sanctitas
452 1466 614 1564 insignis
629 1472 676 1541 ab
689 1467 865 1542 omnibus
881 1492 1034 1567 semper
1049 1493 1134 1541 cum
1150 1469 1236 1567 pie·-

8 1651 9 1672 ἦ
126 1579 205 1642 tate
232 1567 433 1640 recolenda
468 1565 712 1666 iampridem
738 1569 888 1642 felicem
916 1580 1117 1669 acceperat
1140 1594 1236 1643 con··

8 1685 9 1690 ’
128 1668 422 1743 summationem
435 1668 614 1743 Kalendis
630 1669 725 1741 Maii.
754 1671 923 1743 Perfecta
941 1695 1046 1768 ergo,
1063 1682 1102 1743 ut
1116 1682 1234 1744 antea.

124 1770 215 1867 rixi,
246 1768 480 1843 dedicatione
507 1769 601 1842 Novi
625 1770 862 1867 Monosterii,
892 1772 1039 1845 transiit
1066 1775 1226 1845 domnus

128 1870 438 1969 archiepiscopus
456 1870 666 1967 Segeberg,
685 1882 722 1943 et
740 1870 814 1944 illic
834 1896 926 1945 usus
944 1882 1004 1945 est
1021 1872 1236 1945 diversorio

7 1971 8 2018 l
130 1972 278 2046 comitis
296 1969 427 2044 Adolfi.
463 1973 667 2068 Postquam
687 1983 814 2045 autem
835 1972 937 2045 venit
954 1974 1122 2064 Lubelre,
1148 1996 1229 2047 sus-

129 2074 231 2173 cepit
255 2097 343 2147 eum
369 2074 442 2144 dur
470 2084 507 2145 et
525 2072 727 2172 episcopus
748 2098 834 2146 cnm
861 2098 999 2171 magna
1026 2074 1158 2171 gloria,
1191 2083 1236 2146 et.

7 2225 8 2248 t
129 2174 304 2275 aggressi
333 2183 422 2246 sunt
440 2198 534 2272 opus
555 2174 799 2248 dedicationis
810 2173 838 2272 ²,
866 2185 904 2247 et
922 2176 1136 2249 obtulerunt
1155 2175 1229 2249 sin-

127 2276 204 2375 guli
232 2274 440 2347 voluntaria
466 2274 589 2347 cordis
609 2276 680 2364 sni,
708 2276 906 2349 lleinricus
933 2278 1019 2372 dux,
1045 2276 1237 2349 Geroldus„

6 2397 7 2420 ¹
128 2378 331 2480 episcopus
356 2385 395 2448 et
412 2376 565 2449 Adolfus
594 2399 738 2472 comes‚
766 2379 1022 2474 dederuntque
1043 2376 1169 2476 predia
1191 2387 1237 2449 et.

127 2479 270 2554 reditus
298 2487 337 2551 et
354 2477 625 2551 decimationes
644 2477 681 2550 in
701 2477 866 2551 subsidia
887 2478 977 2550 cleri
986 2476 1012 2550 ³.
1054 2480 1236 2554 Commo·

6 2672 7 2679 ἵ
129 2581 230 2654 nitus
250 2590 377 2653 autem
395 2577 720 2677 archiepiscopus,
738 2589 780 2651 ut
795 2579 942 2651 Novum
957 2581 1227 2652 Monasterium

129 2686 237 2756 daret
257 2679 457 2754 Lubicensi
487 2680 680 2778 episcopo,
705 2704 780 2752 non
809 2679 1006 2777 acquievit.
1047 2680 1126 2754 lliis
1158 2680 1228 2754 rite

6 2816 7 2879 3
128 2781 305 2882 peractis,
319 2791 567 2869 reversus-est
580 2781 891 2879 archiepiscopus
906 2784 951 2854 ad
966 2781 1090 2854 locum
1107 2806 1237 2855 suum..

130 2886 213 2958 Dux
231 2907 321 2956 vero
341 2882 520 2955 ordinatis
536 2885 647 2956 rebus
662 2883 699 2953 in
714 2882 892 2979 Saxonia,
909 2883 1101 2980 proiectus
1118 2893 1177 2956 est
1192 2883 1236 2954 in

129 2984 342 3081 Baranam,
366 2994 406 3056 ut
430 2985 584 3056 sedaret
607 2985 880 3057 tumultuantes
907 2994 944 3056 et
971 2985 1114 3058 laceret
1138 2983 1229 3058 iudi-

129 3087 229 3159 cium
248 3083 422 3158 iniuriam
442 3084 680 3182 patientibus.

207 3190 267 3261 94.
296 3185 486 3257 Transitus
502 3185 651 3259 Geroldi
668 3187 837 3282 episcopi.
889 3185 1042 3258 Interim
1060 3184 1238 3260 sentiens-

130 3286 317 3361 Geroldus
331 3286 557 3360 venerabilis
574 3286 775 3386 episcopus
791 3286 924 3360 dilatos
940 3289 985 3359 ad
1001 3298 1152 3384 tempus
1168 3289 1230 3360 rlo·

129 3388 232 3460 loros
244 3410 376 3460 rursus
388 3385 634 3483 incalescere,
654 3387 784 3460 statuit
794 3386 946 3460 visitare
958 3411 1092 3462 omnes
1111 3387 1237 3460 eccle--

129 3489 307 3580 sias-sue
328 3487 515 3583 diocesis,
539 3513 561 3561 a
589 3488 690 3560 nullo
718 3511 881 3585 querens
911 3488 1067 3585 stipem,
1097 3512 1144 3562 ne
1171 3487 1236 3562 cui

134 3642 160 3714 1)
182 3642 213 3696 ln
232 3643 400 3696 documentis
419 3639 486 3696 Nori
499 3641 658 3698 Monasterii
677 3643 745 3698 illud
766 3643 872 3714 saepius
892 3642 980 3696 adhuc
997 3651 1111 3696 voratur
1130 3658 1229 3695 norum

123 3717 325 3772 monasterium
345 3715 373 3769 ia
392 3715 455 3768 villa
476 3713 656 3786 Wipentlrorp
680 3726 709 3772 et
726 3711 785 3771 eius
804 3715 973 3786 praepositus
992 3713 1109 3770 Sanctae
1127 3713 1230 3769 Mariae

132 3791 162 3845 iri
181 3789 370 3860 Wipentlorp.
410 3786 540 3843 Similiter
559 3792 585 3842 in
606 3789 696 3844 charta
717 3807 741 3843 a.
758 3789 828 3842 1139
848 3788 876 3842 in
896 3787 1047 3858 llamburg.
1065 3786 1230 3842 llrlruoden-

133 3863 208 3918 buch
227 3863 248 3926 l,
268 3881 295 3916 n.
316 3861 378 3915 160.
417 3858 478 3915 Non
497 3872 537 3916 est
556 3863 646 3932 igitur,
667 3880 751 3934 quare
771 3864 853 3916 rerba
870 3865 1055 3932 praecepitque
1074 3878 1160 3933 usque
1178 3877 1238 3917 vo*

133 3938 247 4008 coletur
271 3936 402 4004 glossema
429 3944 597 3990 censeantur.
634 3930 798 3989 Helmoldns
824 3935 966 4005 indigitare
992 3935 1099 3990 ridetur
1118 3933 1239 4004 privile-¹·

126 4008 207 4081 ·gium
228 4007 357 4063 flartrrici
376 4005 582 4079 archiepiscopi,
608 4012 680 4080 quod
705 4027 730 4062 v.
752 4009 778 4062 in
799 4007 947 4079 llamlturg.
968 4006 1187 4064 Urlnndsnbuclr
1207 4006 1230 4072 l,

133 4100 161 4138 n.
180 4082 244 4137 2³⁰.
283 4078 399 4136 Nomine
425 4081 537 4137 Faldera
566 4081 624 4152 ipse
642 4079 805 4138 Helmoldus
830 4083 872 4136 lais
897 4082 985 4137 adlruo
1003 4081 1087 4136 utitur
1106 4098 1166 4152 cap.
1182 4078 1228 4138 83.

131 4157 160 4226 2)
180 4153 259 4210 Cani.
279 4153 352 4211 Anu.
371 4153 548 4227 Magdeburg.
575 4173 599 4209 a.
623 4153 703 4210 1163.
815 4153 841 4226 3)
863 4153 894 4210 V.
915 4159 1075 4210 documenta
1096 4171 1232 4208 annorum

134 4227 206 4356 11633
224 4238 252 4354 οὲ
273 4227 344 4282 1164
368 4232 439 4299 apud
465 4228 602 4284 levamus
626 4225 846 4283 Urlundenbuclr
876 4231 923 4284 des
945 4225 1100 4284 Bistlumes
1119 4225 1238 4282 linteoli⁴

130 4321 159 4358 ιι.
199 4334 228 4346 -
254 4342 261 4358 .
