<?xml version="1.0" encoding="UTF-8"?>
<!DOCTYPE html PUBLIC "-//W3C//DTD XHTML 1.0 Transitional//EN"
    "http://www.w3.org/TR/xhtml1/DTD/xhtml1-transitional.dtd">
<html xmlns="http://www.w3.org/1999/xhtml" xml:lang="en" lang="en">
 <head>
  <title>
</title>
<meta http-equiv="Content-Type" content="text/html;charset=utf-8" />
  <meta name='ocr-system' content='tesseract 3.04.00' />
  <meta name='ocr-capabilities' content='ocr_page ocr_carea ocr_par ocr_line ocrx_word'/>
</head>
<body>
  <div class='ocr_page' id='page_1' title='image "./helmoldipresbyt00pertgoog_0088.png"; bbox 0 0 3000 4900; ppageno 0'>
   <div class='ocr_carea' id='block_1_1' title="bbox 274 419 1333 512">
    <p class='ocr_par' dir='ltr' id='par_1_1' title="bbox 274 419 1333 512">
     <span class='ocr_line' id='line_1_1' title="bbox 274 419 1333 512; baseline -0.006 0"><span class='ocrx_word' id='word_1_1' title='bbox 274 441 326 512; x_wconf 84' lang='lat' dir='ltr'><strong><em>so</em></strong></span> <span class='ocrx_word' id='word_1_2' title='bbox 377 435 621 510; x_wconf 76' lang='lat' dir='ltr'><strong><em>annuum}</em></strong></span> <span class='ocrx_word' id='word_1_3' title='bbox 641 425 883 510; x_wconf 79' lang='lat' dir='ltr'><strong><em>cononica</em></strong></span> <span class='ocrx_word' id='word_1_4' title='bbox 904 419 1170 510; x_wconf 72' lang='lat' dir='ltr'><strong><em>staverun.</em></strong></span> <span class='ocrx_word' id='word_1_5' title='bbox 1201 435 1288 508; x_wconf 79' lang='lat' dir='ltr'><strong><em>uu.</em></strong></span> <span class='ocrx_word' id='word_1_6' title='bbox 1308 435 1333 506; x_wconf 90' lang='lat'><strong><em>1.</em></strong></span> 
     </span>
    </p>
   </div>
   <div class='ocr_carea' id='block_1_2' title="bbox 172 636 1410 3232">
    <p class='ocr_par' dir='ltr' id='par_1_2' title="bbox 172 636 1410 3232">
     <span class='ocr_line' id='line_1_2' title="bbox 275 636 1374 734; baseline 0 -24"><span class='ocrx_word' id='word_1_7' title='bbox 275 640 356 733; x_wconf 75' lang='lat' dir='ltr'><strong><em>viri,</em></strong></span> <span class='ocrx_word' id='word_1_8' title='bbox 376 636 523 709; x_wconf 88' lang='lat' dir='ltr'><strong><em>debetur</em></strong></span> <span class='ocrx_word' id='word_1_9' title='bbox 538 636 753 733; x_wconf 80' lang='lat' dir='ltr'><strong><em>qratulatio‚</em></strong></span> <span class='ocrx_word' id='word_1_10' title='bbox 773 640 835 734; x_wconf 92' lang='lat' dir='ltr'><strong><em>qui</em></strong></span> <span class='ocrx_word' id='word_1_11' title='bbox 849 637 900 709; x_wconf 91' lang='lat' dir='ltr'><strong><em>ad</em></strong></span> <span class='ocrx_word' id='word_1_12' title='bbox 914 641 1152 710; x_wconf 81' lang='lat' dir='ltr'><em>ostensionem</em></span> <span class='ocrx_word' id='word_1_13' title='bbox 1169 637 1374 713; x_wconf 88' lang='lat' dir='ltr'><strong><em>beneuolen-</em></strong></span> 
     </span>
     <span class='ocr_line' id='line_1_3' title="bbox 274 736 1377 836; baseline 0 -26"><span class='ocrx_word' id='word_1_14' title='bbox 274 739 453 810; x_wconf 79' lang='lat' dir='ltr'><strong><em>liecestre</em></strong></span> <span class='ocrx_word' id='word_1_15' title='bbox 479 744 514 809; x_wconf 90' lang='lat' dir='ltr'><strong><em>et</em></strong></span> <span class='ocrx_word' id='word_1_16' title='bbox 533 737 617 827; x_wconf 70' lang='lat' dir='ltr'><strong><em>fidei</em></strong></span> <span class='ocrx_word' id='word_1_17' title='bbox 638 741 766 810; x_wconf 84' lang='lat' dir='ltr'><strong><em>inuicte</em></strong></span> <span class='ocrx_word' id='word_1_18' title='bbox 791 736 935 834; x_wconf 88' lang='lat' dir='ltr'><strong><em>lonqins</em></strong></span> <span class='ocrx_word' id='word_1_19' title='bbox 960 742 1117 836; x_wconf 79' lang='lat' dir='ltr'><strong><em>venistis,</em></strong></span> <span class='ocrx_word' id='word_1_20' title='bbox 1142 738 1255 810; x_wconf 87' lang='lat' dir='ltr'><strong><em>laturi</em></strong></span> <span class='ocrx_word' id='word_1_21' title='bbox 1271 738 1377 811; x_wconf 86' lang='lat' dir='ltr'><strong><em>nobis</em></strong></span> 
     </span>
     <span class='ocr_line' id='line_1_4' title="bbox 276 835 1410 936; baseline -0.001 -26"><span class='ocrx_word' id='word_1_22' title='bbox 276 863 379 932; x_wconf 91' lang='lat' dir='ltr'><strong><em>opem</em></strong></span> <span class='ocrx_word' id='word_1_23' title='bbox 398 844 528 910; x_wconf 77' lang='lat' dir='ltr'><strong><em>conba</em></strong></span> <span class='ocrx_word' id='word_1_24' title='bbox 552 839 672 923; x_wconf 77' lang='lat' dir='ltr'><strong><em>hostes</em></strong></span> <span class='ocrx_word' id='word_1_25' title='bbox 689 842 906 911; x_wconf 81' lang='lat' dir='ltr'><strong><em>sevissimos.</em></strong></span> <span class='ocrx_word' id='word_1_26' title='bbox 943 838 1073 934; x_wconf 88' lang='lat' dir='ltr'><strong><em>Sepias</em></strong></span> <span class='ocrx_word' id='word_1_27' title='bbox 1090 839 1236 936; x_wconf 90' lang='lat' dir='ltr'><strong><em>quidem</em></strong></span> <span class='ocrx_word' id='word_1_28' title='bbox 1254 841 1378 934; x_wconf 89' lang='lat' dir='ltr'><strong><em>accepi</em></strong></span> <span class='ocrx_word' id='word_1_29' title='bbox 1405 835 1410 850; x_wconf 84' lang='grc'><strong>’</strong></span> 
     </span>
     <span class='ocr_line' id='line_1_5' title="bbox 272 938 1377 1037; baseline 0 -26"><span class='ocrx_word' id='word_1_30' title='bbox 272 946 420 1035; x_wconf 85' lang='lat' dir='ltr'><strong><em>qustum</em></strong></span> <span class='ocrx_word' id='word_1_31' title='bbox 445 938 602 1012; x_wconf 80' lang='lat' dir='ltr'><strong><em>audacie</em></strong></span> <span class='ocrx_word' id='word_1_32' title='bbox 627 947 741 1012; x_wconf 84' lang='lat' dir='ltr'><strong><em>vestre</em></strong></span> <span class='ocrx_word' id='word_1_33' title='bbox 760 947 795 1012; x_wconf 91' lang='lat' dir='ltr'><strong><em>et</em></strong></span> <span class='ocrx_word' id='word_1_34' title='bbox 809 939 995 1028; x_wconf 79' lang='lat' dir='ltr'><strong><em>fidelitatis</em></strong></span> <span class='ocrx_word' id='word_1_35' title='bbox 1015 943 1283 1036; x_wconf 71' lang='lat' dir='ltr'><strong><em>cooperiendam⁷</em></strong></span> <span class='ocrx_word' id='word_1_36' title='bbox 1311 963 1377 1037; x_wconf 91' lang='lat' dir='ltr'><strong><em>que</em></strong></span> 
     </span>
     <span class='ocr_line' id='line_1_6' title="bbox 274 1037 1375 1137; baseline 0 -25"><span class='ocrx_word' id='word_1_37' title='bbox 274 1044 312 1112; x_wconf 91' lang='lat' dir='ltr'><strong><em>in</em></strong></span> <span class='ocrx_word' id='word_1_38' title='bbox 336 1039 489 1113; x_wconf 86' lang='lat' dir='ltr'><strong><em>diversis</em></strong></span> <span class='ocrx_word' id='word_1_39' title='bbox 500 1039 676 1134; x_wconf 85' lang='lat' dir='ltr'><strong><em>periculis</em></strong></span> <span class='ocrx_word' id='word_1_40' title='bbox 693 1037 782 1112; x_wconf 87' lang='lat' dir='ltr'><strong><em>mibi</em></strong></span> <span class='ocrx_word' id='word_1_41' title='bbox 800 1043 970 1137; x_wconf 78' lang='lat' dir='ltr'><strong><em>frequens</em></strong></span> <span class='ocrx_word' id='word_1_42' title='bbox 997 1041 1152 1137; x_wconf 76' lang='lat' dir='ltr'><strong><em>lucrum,</em></strong></span> <span class='ocrx_word' id='word_1_43' title='bbox 1179 1041 1281 1112; x_wconf 88' lang='lat' dir='ltr'><strong><em>vobis</em></strong></span> <span class='ocrx_word' id='word_1_44' title='bbox 1298 1041 1375 1136; x_wconf 92' lang='lat' dir='ltr'><strong><em>qlo-</em></strong></span> 
     </span>
     <span class='ocr_line' id='line_1_7' title="bbox 274 1140 1379 1238; baseline 0 -26"><span class='ocrx_word' id='word_1_45' title='bbox 274 1143 370 1213; x_wconf 74' lang='lat' dir='ltr'><strong><em>vriam</em></strong></span> <span class='ocrx_word' id='word_1_46' title='bbox 385 1144 590 1235; x_wconf 86' lang='lat' dir='ltr'><strong><em>parturisse</em></strong></span> <span class='ocrx_word' id='word_1_47' title='bbox 609 1140 829 1238; x_wconf 73' lang='lat' dir='ltr'><strong><em>dinoscitur,</em></strong></span> <span class='ocrx_word' id='word_1_48' title='bbox 847 1141 913 1214; x_wconf 90' lang='lat' dir='ltr'><strong><em>sed</em></strong></span> <span class='ocrx_word' id='word_1_49' title='bbox 931 1141 1041 1214; x_wconf 90' lang='lat' dir='ltr'><strong><em>nicbil</em></strong></span> <span class='ocrx_word' id='word_1_50' title='bbox 1061 1146 1112 1214; x_wconf 88' lang='lat' dir='ltr'><strong><em>ita</em></strong></span> <span class='ocrx_word' id='word_1_51' title='bbox 1134 1140 1263 1235; x_wconf 77' lang='lat' dir='ltr'><strong><em>elucet,</em></strong></span> <span class='ocrx_word' id='word_1_52' title='bbox 1283 1145 1379 1213; x_wconf 89' lang='lat' dir='ltr'><strong><em>siout</em></strong></span> 
     </span>
     <span class='ocr_line' id='line_1_8' title="bbox 272 1240 1375 1338; baseline 0.002 -26"><span class='ocrx_word' id='word_1_53' title='bbox 272 1241 382 1313; x_wconf 85' lang='lat' dir='ltr'><strong><em>buius</em></strong></span> <span class='ocrx_word' id='word_1_54' title='bbox 396 1241 788 1338; x_wconf 65' lang='lat' dir='ltr'><strong><em>deuotionisenbibitim</em></strong></span> <span class='ocrx_word' id='word_1_55' title='bbox 806 1266 946 1336; x_wconf 82' lang='lat' dir='ltr'><strong><em>semper</em></strong></span> <span class='ocrx_word' id='word_1_56' title='bbox 959 1246 1165 1316; x_wconf 77' lang='lat' dir='ltr'><strong><em>memoriter</em></strong></span> <span class='ocrx_word' id='word_1_57' title='bbox 1175 1240 1375 1336; x_wconf 75' lang='lat' dir='ltr'><strong><em>retinenda,</em></strong></span> 
     </span>
     <span class='ocr_line' id='line_1_9' title="bbox 274 1341 1376 1439; baseline -0.002 -24"><span class='ocrx_word' id='word_1_58' title='bbox 274 1366 414 1436; x_wconf 81' lang='lat' dir='ltr'><strong><em>semper</em></strong></span> <span class='ocrx_word' id='word_1_59' title='bbox 439 1346 539 1415; x_wconf 90' lang='lat' dir='ltr'><strong><em>omni</em></strong></span> <span class='ocrx_word' id='word_1_60' title='bbox 561 1342 684 1416; x_wconf 89' lang='lat' dir='ltr'><strong><em>studio</em></strong></span> <span class='ocrx_word' id='word_1_61' title='bbox 698 1343 956 1437; x_wconf 91' lang='lat' dir='ltr'><strong><em>promerenda.</em></strong></span> <span class='ocrx_word' id='word_1_62' title='bbox 993 1341 1129 1416; x_wconf 83' lang='lat' dir='ltr'><strong><em>Notum</em></strong></span> <span class='ocrx_word' id='word_1_63' title='bbox 1147 1346 1257 1439; x_wconf 88' lang='lat' dir='ltr'><strong><em>iqiiur</em></strong></span> <span class='ocrx_word' id='word_1_64' title='bbox 1274 1343 1376 1420; x_wconf 89' lang='lat' dir='ltr'><strong><em>uobis</em></strong></span> 
     </span>
     <span class='ocr_line' id='line_1_10' title="bbox 256 1443 1376 1541; baseline -0.001 -25"><span class='ocrx_word' id='word_1_65' title='bbox 256 1446 394 1539; x_wconf 73' lang='lat' dir='ltr'><strong><em>cupio,</em></strong></span> <span class='ocrx_word' id='word_1_66' title='bbox 421 1443 521 1540; x_wconf 92' lang='lat' dir='ltr'><strong><em>quod</em></strong></span> <span class='ocrx_word' id='word_1_67' title='bbox 546 1443 654 1540; x_wconf 75' lang='lat' dir='ltr'><strong><em>nant,</em></strong></span> <span class='ocrx_word' id='word_1_68' title='bbox 678 1443 730 1516; x_wconf 92' lang='lat' dir='ltr'><strong><em>ad</em></strong></span> <span class='ocrx_word' id='word_1_69' title='bbox 755 1467 847 1541; x_wconf 92' lang='lat' dir='ltr'><strong><em>quos</em></strong></span> <span class='ocrx_word' id='word_1_70' title='bbox 874 1443 984 1517; x_wconf 94' lang='lat' dir='ltr'><strong><em>modo</em></strong></span> <span class='ocrx_word' id='word_1_71' title='bbox 1013 1444 1204 1538; x_wconf 80' lang='lat' dir='ltr'><strong><em>tendimus,</em></strong></span> <span class='ocrx_word' id='word_1_72' title='bbox 1230 1443 1376 1516; x_wconf 88' lang='lat' dir='ltr'><strong><em>directis</em></strong></span> 
     </span>
     <span class='ocr_line' id='line_1_11' title="bbox 276 1543 1377 1640; baseline 0 -24"><span class='ocrx_word' id='word_1_73' title='bbox 276 1543 327 1616; x_wconf 92' lang='lat' dir='ltr'><strong><em>ad</em></strong></span> <span class='ocrx_word' id='word_1_74' title='bbox 353 1569 408 1616; x_wconf 93' lang='lat' dir='ltr'><strong><em>me</em></strong></span> <span class='ocrx_word' id='word_1_75' title='bbox 427 1551 530 1617; x_wconf 88' lang='lat' dir='ltr'><strong><em>nocte</em></strong></span> <span class='ocrx_word' id='word_1_76' title='bbox 550 1547 703 1639; x_wconf 80' lang='lat' dir='ltr'><strong><em>nunciis,</em></strong></span> <span class='ocrx_word' id='word_1_77' title='bbox 723 1544 894 1623; x_wconf 67' lang='lat' dir='ltr'><strong><em>,ducentis</em></strong></span> <span class='ocrx_word' id='word_1_78' title='bbox 911 1549 1048 1618; x_wconf 89' lang='lat' dir='ltr'><strong><em>marcis</em></strong></span> <span class='ocrx_word' id='word_1_79' title='bbox 1069 1569 1201 1640; x_wconf 86' lang='lat' dir='ltr'><strong><em>pacem</em></strong></span> <span class='ocrx_word' id='word_1_80' title='bbox 1219 1545 1377 1617; x_wconf 90' lang='lat' dir='ltr'><strong><em>obtinere</em></strong></span> 
     </span>
     <span class='ocr_line' id='line_1_12' title="bbox 277 1643 1375 1740; baseline 0 -24"><span class='ocrx_word' id='word_1_81' title='bbox 277 1651 441 1740; x_wconf 87' lang='lat' dir='ltr'><strong><em>querunt.</em></strong></span> <span class='ocrx_word' id='word_1_82' title='bbox 479 1643 597 1739; x_wconf 82' lang='lat' dir='ltr'><strong><em>Super</em></strong></span> <span class='ocrx_word' id='word_1_83' title='bbox 614 1645 684 1717; x_wconf 89' lang='lat' dir='ltr'><strong><em>bac</em></strong></span> <span class='ocrx_word' id='word_1_84' title='bbox 702 1670 741 1718; x_wconf 89' lang='lat' dir='ltr'><strong><em>re</em></strong></span> <span class='ocrx_word' id='word_1_85' title='bbox 759 1645 870 1717; x_wconf 84' lang='lat' dir='ltr'><strong><em>nichil</em></strong></span> <span class='ocrx_word' id='word_1_86' title='bbox 888 1645 974 1717; x_wconf 89' lang='lat' dir='ltr'><strong><em>mibi</em></strong></span> <span class='ocrx_word' id='word_1_87' title='bbox 991 1649 1068 1718; x_wconf 90' lang='lat' dir='ltr'><strong><em>sine</em></strong></span> <span class='ocrx_word' id='word_1_88' title='bbox 1085 1653 1203 1719; x_wconf 86' lang='lat' dir='ltr'><strong><em>uestro</em></strong></span> <span class='ocrx_word' id='word_1_89' title='bbox 1223 1646 1375 1719; x_wconf 87' lang='lat' dir='ltr'><strong><em>consilio</em></strong></span> 
     </span>
     <span class='ocr_line' id='line_1_13' title="bbox 274 1744 1375 1842; baseline 0.002 -26"><span class='ocrx_word' id='word_1_90' title='bbox 274 1744 515 1834; x_wconf 75' lang='lat' dir='ltr'><strong><em>deliniendum</em></strong></span> <span class='ocrx_word' id='word_1_91' title='bbox 551 1754 624 1819; x_wconf 87' lang='lat' dir='ltr'><strong><em>est:</em></strong></span> <span class='ocrx_word' id='word_1_92' title='bbox 666 1749 699 1818; x_wconf 90' lang='lat' dir='ltr'><strong><em>si</em></strong></span> <span class='ocrx_word' id='word_1_93' title='bbox 734 1745 961 1820; x_wconf 85' lang='lat' dir='ltr'><strong><em>decreveritis</em></strong></span> <span class='ocrx_word' id='word_1_94' title='bbox 996 1746 1261 1842; x_wconf 87' lang='lat' dir='ltr'><strong><em>acceptandum</em></strong></span> <span class='ocrx_word' id='word_1_95' title='bbox 1267 1803 1278 1842; x_wconf 67' lang='lat'><strong><em>7</em></strong></span> <span class='ocrx_word' id='word_1_96' title='bbox 1315 1770 1375 1818; x_wconf 89' lang='lat' dir='ltr'><strong><em>ac-</em></strong></span> 
     </span>
     <span class='ocr_line' id='line_1_14' title="bbox 274 1845 1375 1946; baseline 0.001 -29"><span class='ocrx_word' id='word_1_97' title='bbox 274 1845 425 1940; x_wconf 84' lang='lat' dir='ltr'><strong><em>captabo</em></strong></span> <span class='ocrx_word' id='word_1_98' title='bbox 431 1876 447 1941; x_wconf 81' lang='lat'><strong><em>&gt;⁰</em></strong></span> <span class='ocrx_word' id='word_1_99' title='bbox 474 1849 506 1919; x_wconf 91' lang='lat' dir='ltr'><strong><em>si</em></strong></span> <span class='ocrx_word' id='word_1_100' title='bbox 523 1847 781 1943; x_wconf 75' lang='lat' dir='ltr'><strong><em>recusandum,</em></strong></span> <span class='ocrx_word' id='word_1_101' title='bbox 800 1847 988 1920; x_wconf 91' lang='lat' dir='ltr'><strong><em>recusabo.</em></strong></span> <span class='ocrx_word' id='word_1_102' title='bbox 1027 1850 1079 1920; x_wconf 85' lang='lat' dir='ltr'><strong><em>Ad</em></strong></span> <span class='ocrx_word' id='word_1_103' title='bbox 1103 1851 1199 1946; x_wconf 91' lang='lat' dir='ltr'><strong><em>quod</em></strong></span> <span class='ocrx_word' id='word_1_104' title='bbox 1220 1871 1375 1946; x_wconf 89' lang='lat' dir='ltr'><strong><em>respon-</em></strong></span> 
     </span>
     <span class='ocr_line' id='line_1_15' title="bbox 274 1947 1375 2046; baseline 0.001 -28"><span class='ocrx_word' id='word_1_105' title='bbox 274 1949 409 2019; x_wconf 83' lang='lat' dir='ltr'><strong><em>derunt</em></strong></span> <span class='ocrx_word' id='word_1_106' title='bbox 436 1947 607 2023; x_wconf 87' lang='lat' dir='ltr'><strong><em>Saxones</em></strong></span> <span class='ocrx_word' id='word_1_107' title='bbox 636 1950 824 2023; x_wconf 82' lang='lat' dir='ltr'><strong><em>dicentes:</em></strong></span> <span class='ocrx_word' id='word_1_108' title='bbox 863 1948 941 2021; x_wconf 79' lang='lat' dir='ltr'><strong><em>llos</em></strong></span> <span class='ocrx_word' id='word_1_109' title='bbox 967 1947 1123 2046; x_wconf 76' lang='lat' dir='ltr'><strong><em>quidem,</em></strong></span> <span class='ocrx_word' id='word_1_110' title='bbox 1149 1951 1375 2043; x_wconf 80' lang='lat' dir='ltr'><strong><em>aprinceps‚</em></strong></span> 
     </span>
     <span class='ocr_line' id='line_1_16' title="bbox 272 2047 1376 2146; baseline 0.002 -29"><span class='ocrx_word' id='word_1_111' title='bbox 272 2047 359 2120; x_wconf 87' lang='lat' dir='ltr'><strong><em>licet</em></strong></span> <span class='ocrx_word' id='word_1_112' title='bbox 372 2071 523 2121; x_wconf 90' lang='lat' dir='ltr'><strong><em>numero</em></strong></span> <span class='ocrx_word' id='word_1_113' title='bbox 537 2053 652 2142; x_wconf 92' lang='lat' dir='ltr'><strong><em>pauci</em></strong></span> <span class='ocrx_word' id='word_1_114' title='bbox 667 2053 793 2144; x_wconf 79' lang='lat' dir='ltr'><strong><em>simus,</em></strong></span> <span class='ocrx_word' id='word_1_115' title='bbox 811 2048 1094 2122; x_wconf 89' lang='lat' dir='ltr'><strong><em>bonoristamen</em></strong></span> <span class='ocrx_word' id='word_1_116' title='bbox 1109 2056 1217 2146; x_wconf 90' lang='lat' dir='ltr'><strong><em>atque</em></strong></span> <span class='ocrx_word' id='word_1_117' title='bbox 1233 2051 1376 2122; x_wconf 87' lang='lat' dir='ltr'><strong><em>uirtutis</em></strong></span> 
     </span>
     <span class='ocr_line' id='line_1_17' title="bbox 172 2147 1376 2265; baseline 0.002 -47"><span class='ocrx_word' id='word_1_118' title='bbox 172 2193 178 2202; x_wconf 82' lang='lat'><strong>·</strong></span> <span class='ocrx_word' id='word_1_119' title='bbox 274 2147 398 2241; x_wconf 89' lang='lat' dir='ltr'><strong><em>cupidi</em></strong></span> <span class='ocrx_word' id='word_1_120' title='bbox 418 2149 578 2265; x_wconf 79' lang='lat' dir='ltr'><strong><em>pluriam</em></strong></span> <span class='ocrx_word' id='word_1_121' title='bbox 598 2173 669 2244; x_wconf 93' lang='lat' dir='ltr'><strong><em>pro</em></strong></span> <span class='ocrx_word' id='word_1_122' title='bbox 696 2156 822 2246; x_wconf 87' lang='lat' dir='ltr'><strong><em>questu</em></strong></span> <span class='ocrx_word' id='word_1_123' title='bbox 841 2153 1003 2222; x_wconf 84' lang='lat' dir='ltr'><strong><em>marimo</em></strong></span> <span class='ocrx_word' id='word_1_124' title='bbox 1023 2150 1206 2222; x_wconf 81' lang='lat' dir='ltr'><strong><em>ducimus.</em></strong></span> <span class='ocrx_word' id='word_1_125' title='bbox 1249 2150 1376 2221; x_wconf 86' lang='lat' dir='ltr'><strong><em>Ranos</em></strong></span> 
     </span>
     <span class='ocr_line' id='line_1_18' title="bbox 273 2248 1376 2346; baseline 0.002 -28"><span class='ocrx_word' id='word_1_126' title='bbox 273 2250 395 2343; x_wconf 62' lang='grc' dir='ltr'><strong><em>ἱρέων,</em></strong></span> <span class='ocrx_word' id='word_1_127' title='bbox 413 2272 474 2345; x_wconf 90' lang='lat' dir='ltr'><strong><em>qm</em></strong></span> <span class='ocrx_word' id='word_1_128' title='bbox 469 2248 612 2338; x_wconf 70' lang='lat' dir='ltr'><strong><em>filium</em></strong></span> <span class='ocrx_word' id='word_1_129' title='bbox 616 2256 718 2321; x_wconf 90' lang='lat' dir='ltr'><strong><em>tuum</em></strong></span> <span class='ocrx_word' id='word_1_130' title='bbox 736 2248 947 2322; x_wconf 89' lang='lat' dir='ltr'><strong><em>oeciderunt</em></strong></span> <span class='ocrx_word' id='word_1_131' title='bbox 933 2257 1043 2346; x_wconf 89' lang='lat' dir='ltr'><strong><em>tpro</em></strong></span> <span class='ocrx_word' id='word_1_132' title='bbox 1059 2249 1221 2323; x_wconf 90' lang='lat' dir='ltr'><strong><em>ducentis</em></strong></span> <span class='ocrx_word' id='word_1_133' title='bbox 1239 2252 1376 2322; x_wconf 89' lang='lat' dir='ltr'><strong><em>marcis</em></strong></span> 
     </span>
     <span class='ocr_line' id='line_1_19' title="bbox 270 2350 1373 2522; baseline 0.001 -102"><span class='ocrx_word' id='word_1_134' title='bbox 270 2350 309 2420; x_wconf 94' lang='lat' dir='ltr'><strong><em>in</em></strong></span> <span class='ocrx_word' id='word_1_135' title='bbox 326 2352 487 2522; x_wconf 82' lang='lat' dir='ltr'><strong><em>qratiam</em></strong></span> <span class='ocrx_word' id='word_1_136' title='bbox 504 2350 730 2457; x_wconf 89' lang='lat' dir='ltr'><strong><em>recipiendos</em></strong></span> <span class='ocrx_word' id='word_1_137' title='bbox 746 2358 832 2423; x_wconf 88' lang='lat' dir='ltr'><strong><em>nost</em></strong></span> <span class='ocrx_word' id='word_1_138' title='bbox 831 2375 873 2423; x_wconf 91' lang='lat' dir='ltr'><strong><em>ro</em></strong></span> <span class='ocrx_word' id='word_1_139' title='bbox 817 2350 1050 2423; x_wconf 87' lang='lat' dir='ltr'><strong><em>tconsilia</em></strong></span> <span class='ocrx_word' id='word_1_140' title='bbox 1077 2350 1114 2422; x_wconf 93' lang='lat' dir='ltr'><strong><em>d</em></strong></span> <span class='ocrx_word' id='word_1_141' title='bbox 1108 2351 1194 2422; x_wconf 68' lang='lat' dir='ltr'><strong><em>eis?</em></strong></span> <span class='ocrx_word' id='word_1_142' title='bbox 1236 2351 1373 2423; x_wconf 82' lang='lat' dir='ltr'><strong><em>Revera</em></strong></span> 
     </span>
     <span class='ocr_line' id='line_1_20' title="bbox 272 2443 1373 2625; baseline 0.002 -103"><span class='ocrx_word' id='word_1_143' title='bbox 272 2453 493 2524; x_wconf 89' lang='lat' dir='ltr'><strong><em>nominituo</em></strong></span> <span class='ocrx_word' id='word_1_144' title='bbox 510 2475 644 2625; x_wconf 76' lang='lat' dir='ltr'><strong><em>maqno</em></strong></span> <span class='ocrx_word' id='word_1_145' title='bbox 657 2443 842 2547; x_wconf 79' lang='lat' dir='ltr'><strong><em>condiqnu</em></strong></span> <span class='ocrx_word' id='word_1_146' title='bbox 856 2454 1085 2539; x_wconf 79' lang='lat' dir='ltr'><strong><em>satisfactio!</em></strong></span> <span class='ocrx_word' id='word_1_147' title='bbox 1111 2451 1214 2526; x_wconf 81' lang='lat' dir='ltr'><strong><em>Absit</em></strong></span> <span class='ocrx_word' id='word_1_148' title='bbox 1198 2452 1373 2526; x_wconf 87' lang='lat' dir='ltr'><strong><em>tanobis</em></strong></span> 
     </span>
     <span class='ocr_line' id='line_1_21' title="bbox 270 2550 1373 2650; baseline 0.001 -28"><span class='ocrx_word' id='word_1_149' title='bbox 270 2550 389 2623; x_wconf 87' lang='lat' dir='ltr'><strong><em>talis</em></strong></span> <span class='ocrx_word' id='word_1_150' title='bbox 376 2554 524 2648; x_wconf 78' lang='lat' dir='ltr'><strong><em>iniuria,</em></strong></span> <span class='ocrx_word' id='word_1_151' title='bbox 543 2560 585 2625; x_wconf 90' lang='lat' dir='ltr'><strong><em>ul</em></strong></span> <span class='ocrx_word' id='word_1_152' title='bbox 599 2577 772 2650; x_wconf 90' lang='lat' dir='ltr'><strong><em>umquam</em></strong></span> <span class='ocrx_word' id='word_1_153' title='bbox 792 2556 873 2640; x_wconf 80' lang='lat' dir='ltr'><strong><em>fact</em></strong></span> <span class='ocrx_word' id='word_1_154' title='bbox 872 2578 893 2626; x_wconf 92' lang='grc' dir='ltr'><strong>ο</strong></span> <span class='ocrx_word' id='word_1_155' title='bbox 857 2553 991 2626; x_wconf 87' lang='lat' dir='ltr'><strong><em>ibuic</em></strong></span> <span class='ocrx_word' id='word_1_156' title='bbox 1008 2556 1262 2626; x_wconf 89' lang='lat' dir='ltr'><strong><em>assentiamur</em></strong></span> <span class='ocrx_word' id='word_1_157' title='bbox 1300 2552 1373 2624; x_wconf 86' lang='lat' dir='ltr'><strong><em>Nec</em></strong></span> 
     </span>
     <span class='ocr_line' id='line_1_22' title="bbox 273 2651 1371 2752; baseline 0.002 -29"><span class='ocrx_word' id='word_1_158' title='bbox 273 2655 368 2724; x_wconf 93' lang='lat' dir='ltr'><strong><em>enim</em></strong></span> <span class='ocrx_word' id='word_1_159' title='bbox 386 2651 467 2724; x_wconf 86' lang='lat' dir='ltr'><strong><em>ideo</em></strong></span> <span class='ocrx_word' id='word_1_160' title='bbox 487 2676 631 2749; x_wconf 74' lang='lat' dir='ltr'><strong><em>uxores,</em></strong></span> <span class='ocrx_word' id='word_1_161' title='bbox 650 2655 759 2750; x_wconf 70' lang='lat' dir='ltr'><strong><em>filios,</em></strong></span> <span class='ocrx_word' id='word_1_162' title='bbox 778 2655 928 2752; x_wconf 90' lang='lat' dir='ltr'><strong><em>denique</em></strong></span> <span class='ocrx_word' id='word_1_163' title='bbox 944 2658 1089 2749; x_wconf 86' lang='lat' dir='ltr'><strong><em>patrias</em></strong></span> <span class='ocrx_word' id='word_1_164' title='bbox 1106 2653 1208 2727; x_wconf 91' lang='lat' dir='ltr'><strong><em>sedes</em></strong></span> <span class='ocrx_word' id='word_1_165' title='bbox 1227 2654 1371 2750; x_wconf 89' lang='lat' dir='ltr'><strong><em>reliqui·</em></strong></span> 
     </span>
     <span class='ocr_line' id='line_1_23' title="bbox 273 2753 1373 2850; baseline 0.002 -27"><span class='ocrx_word' id='word_1_166' title='bbox 273 2776 365 2848; x_wconf 75' lang='lat' dir='ltr'><strong><em>mus,</em></strong></span> <span class='ocrx_word' id='word_1_167' title='bbox 392 2759 436 2824; x_wconf 91' lang='lat' dir='ltr'><strong><em>ut</em></strong></span> <span class='ocrx_word' id='word_1_168' title='bbox 458 2753 621 2826; x_wconf 82' lang='lat' dir='ltr'><strong><em>hostibus</em></strong></span> <span class='ocrx_word' id='word_1_169' title='bbox 648 2755 916 2828; x_wconf 81' lang='lat' dir='ltr'><strong><em>cavillationem</em></strong></span> <span class='ocrx_word' id='word_1_170' title='bbox 935 2762 970 2827; x_wconf 89' lang='lat' dir='ltr'><strong><em>et</em></strong></span> <span class='ocrx_word' id='word_1_171' title='bbox 984 2756 1069 2845; x_wconf 76' lang='lat' dir='ltr'><strong><em>liliis</em></strong></span> <span class='ocrx_word' id='word_1_172' title='bbox 1087 2758 1222 2829; x_wconf 90' lang='lat' dir='ltr'><strong><em>nostris</em></strong></span> <span class='ocrx_word' id='word_1_173' title='bbox 1241 2778 1373 2850; x_wconf 90' lang='lat' dir='ltr'><strong><em>oppro-</em></strong></span> 
     </span>
     <span class='ocr_line' id='line_1_24' title="bbox 274 2853 1375 2952; baseline 0.002 -27"><span class='ocrx_word' id='word_1_174' title='bbox 274 2853 392 2926; x_wconf 90' lang='lat' dir='ltr'><strong><em>brium</em></strong></span> <span class='ocrx_word' id='word_1_175' title='bbox 410 2859 539 2949; x_wconf 88' lang='lat' dir='ltr'><strong><em>sempit</em></strong></span> <span class='ocrx_word' id='word_1_176' title='bbox 538 2879 664 2927; x_wconf 85' lang='lat' dir='ltr'><strong><em>eruum</em></strong></span> <span class='ocrx_word' id='word_1_177' title='bbox 681 2855 822 2929; x_wconf 89' lang='lat' dir='ltr'><strong><em>beredit</em></strong></span> <span class='ocrx_word' id='word_1_178' title='bbox 806 2863 931 2929; x_wconf 91' lang='lat' dir='ltr'><strong><em>t.emus</em></strong></span> <span class='ocrx_word' id='word_1_179' title='bbox 966 2857 1059 2946; x_wconf 79' lang='lat' dir='ltr'><strong><em>(luia</em></strong></span> <span class='ocrx_word' id='word_1_180' title='bbox 1073 2882 1124 2951; x_wconf 92' lang='lat' dir='ltr'><strong><em>po</em></strong></span> <span class='ocrx_word' id='word_1_181' title='bbox 1127 2861 1199 2929; x_wconf 88' lang='lat' dir='ltr'><strong><em>tius</em></strong></span> <span class='ocrx_word' id='word_1_182' title='bbox 1207 2880 1319 2952; x_wconf 80' lang='lat' dir='ltr'><strong><em>perpe</em></strong></span> <span class='ocrx_word' id='word_1_183' title='bbox 1333 2861 1375 2927; x_wconf 88' lang='lat' dir='ltr'><strong><em>ut</em></strong></span> 
     </span>
     <span class='ocr_line' id='line_1_25' title="bbox 274 2956 1372 3075; baseline 0.002 -50"><span class='ocrx_word' id='word_1_184' title='bbox 274 2957 408 3050; x_wconf 75' lang='lat' dir='ltr'><strong><em>cepisti,</em></strong></span> <span class='ocrx_word' id='word_1_185' title='bbox 428 2959 546 3028; x_wconf 90' lang='lat' dir='ltr'><strong><em>transi</em></strong></span> <span class='ocrx_word' id='word_1_186' title='bbox 563 2981 676 3053; x_wconf 75' lang='lat' dir='ltr'><strong><em>mare,</em></strong></span> <span class='ocrx_word' id='word_1_187' title='bbox 704 2964 802 3029; x_wconf 89' lang='lat' dir='ltr'><strong><em>utere</em></strong></span> <span class='ocrx_word' id='word_1_188' title='bbox 818 2964 910 3075; x_wconf 88' lang='lat' dir='ltr'><strong><em>pont</em></strong></span> <span class='ocrx_word' id='word_1_189' title='bbox 910 2983 938 3054; x_wconf 75' lang='lat' dir='ltr'><strong><em>e,</em></strong></span> <span class='ocrx_word' id='word_1_190' title='bbox 961 2981 1065 3055; x_wconf 92' lang='lat' dir='ltr'><strong><em>quem</em></strong></span> <span class='ocrx_word' id='word_1_191' title='bbox 1082 2961 1215 3030; x_wconf 89' lang='lat' dir='ltr'><strong><em>strauit</em></strong></span> <span class='ocrx_word' id='word_1_192' title='bbox 1199 2957 1293 3030; x_wconf 87' lang='lat' dir='ltr'><strong><em>tlibi</em></strong></span> <span class='ocrx_word' id='word_1_193' title='bbox 1311 2956 1372 3049; x_wconf 84' lang='lat' dir='ltr'><strong><em>bo·</em></strong></span> 
     </span>
     <span class='ocr_line' id='line_1_26' title="bbox 271 3040 1373 3152; baseline 0.001 -26"><span class='ocrx_word' id='word_1_194' title='bbox 271 3078 342 3127; x_wconf 94' lang='lat' dir='ltr'><strong><em>nus</em></strong></span> <span class='ocrx_word' id='word_1_195' title='bbox 361 3058 507 3152; x_wconf 78' lang='lat' dir='ltr'><strong><em>artifeu,</em></strong></span> <span class='ocrx_word' id='word_1_196' title='bbox 526 3056 709 3129; x_wconf 85' lang='lat' dir='ltr'><strong><em>admove</em></strong></span> <span class='ocrx_word' id='word_1_197' title='bbox 697 3061 852 3131; x_wconf 89' lang='lat' dir='ltr'><strong><em>mimicis</em></strong></span> <span class='ocrx_word' id='word_1_198' title='bbox 868 3061 939 3131; x_wconf 87' lang='lat' dir='ltr'><strong><em>tuis</em></strong></span> <span class='ocrx_word' id='word_1_199' title='bbox 956 3082 1098 3130; x_wconf 90' lang='lat' dir='ltr'><strong><em>manus.</em></strong></span> <span class='ocrx_word' id='word_1_200' title='bbox 1136 3057 1275 3131; x_wconf 85' lang='lat' dir='ltr'><strong><em>Videbis</em></strong></span> <span class='ocrx_word' id='word_1_201' title='bbox 1295 3040 1373 3152; x_wconf 85' lang='lat' dir='ltr'><strong><em>qlo-</em></strong></span> 
     </span>
     <span class='ocr_line' id='line_1_27' title="bbox 272 3157 1373 3232; baseline 0.002 -6"><span class='ocrx_word' id='word_1_202' title='bbox 272 3158 412 3227; x_wconf 88' lang='lat' dir='ltr'><strong><em>riosam</em></strong></span> <span class='ocrx_word' id='word_1_203' title='bbox 430 3164 582 3229; x_wconf 78' lang='lat' dir='ltr'><strong><em>mortem</em></strong></span> <span class='ocrx_word' id='word_1_204' title='bbox 600 3157 705 3230; x_wconf 88' lang='lat' dir='ltr'><strong><em>nobis</em></strong></span> <span class='ocrx_word' id='word_1_205' title='bbox 722 3162 884 3231; x_wconf 81' lang='lat' dir='ltr'><strong><em>marimo</em></strong></span> <span class='ocrx_word' id='word_1_206' title='bbox 904 3183 980 3231; x_wconf 86' lang='lat' dir='ltr'><strong><em>esse</em></strong></span> <span class='ocrx_word' id='word_1_207' title='bbox 997 3158 1111 3232; x_wconf 88' lang='lat' dir='ltr'><strong><em>lucro</em></strong></span> <span class='ocrx_word' id='word_1_208' title='bbox 1153 3161 1218 3231; x_wconf 89' lang='lat' dir='ltr'><strong><em>His</em></strong></span> <span class='ocrx_word' id='word_1_209' title='bbox 1239 3161 1373 3231; x_wconf 89' lang='lat' dir='ltr'><strong><em>adhor-</em></strong></span> 
     </span>
    </p>
   </div>
   <div class='ocr_carea' id='block_1_3' title="bbox 165 3255 1371 3357">
    <p class='ocr_par' dir='ltr' id='par_1_3' title="bbox 165 3255 1371 3357">
     <span class='ocr_line' id='line_1_28' title="bbox 165 3255 1371 3357; baseline 0.002 -31"><span class='ocrx_word' id='word_1_210' title='bbox 165 3284 170 3290; x_wconf 64' lang='grc'><em>’</em></span> <span class='ocrx_word' id='word_1_211' title='bbox 271 3256 474 3329; x_wconf 87' lang='lat' dir='ltr'><strong><em>tationibus</em></strong></span> <span class='ocrx_word' id='word_1_212' title='bbox 503 3259 705 3356; x_wconf 66' lang='lat' dir='ltr'><strong><em>animatus,</em></strong></span> <span class='ocrx_word' id='word_1_213' title='bbox 733 3261 909 3357; x_wconf 85' lang='lat' dir='ltr'><strong><em>princeps</em></strong></span> <span class='ocrx_word' id='word_1_214' title='bbox 934 3260 1053 3332; x_wconf 89' lang='lat' dir='ltr'><strong><em>movit</em></strong></span> <span class='ocrx_word' id='word_1_215' title='bbox 1076 3271 1197 3332; x_wconf 81' lang='lat' dir='ltr'><strong><em>eastra</em></strong></span> <span class='ocrx_word' id='word_1_216' title='bbox 1222 3263 1267 3332; x_wconf 87' lang='lat' dir='ltr'><strong><em>de</em></strong></span> <span class='ocrx_word' id='word_1_217' title='bbox 1288 3255 1371 3330; x_wconf 83' lang='lat' dir='ltr'><strong><em>luco</em></strong></span> 
     </span>
    </p>
   </div>
   <div class='ocr_carea' id='block_1_4' title="bbox 170 3357 1373 4369">
    <p class='ocr_par' dir='ltr' id='par_1_4' title="bbox 170 3357 1373 4369">
     <span class='ocr_line' id='line_1_29' title="bbox 272 3357 1373 3472; baseline 0.004 -44"><span class='ocrx_word' id='word_1_218' title='bbox 272 3357 357 3452; x_wconf 68' lang='lat' dir='ltr'><strong><em>isto7</em></strong></span> <span class='ocrx_word' id='word_1_219' title='bbox 378 3369 414 3429; x_wconf 89' lang='lat' dir='ltr'><strong><em>et</em></strong></span> <span class='ocrx_word' id='word_1_220' title='bbox 435 3362 602 3472; x_wconf 83' lang='lat' dir='ltr'><strong><em>perrexit</em></strong></span> <span class='ocrx_word' id='word_1_221' title='bbox 624 3363 668 3432; x_wconf 87' lang='lat' dir='ltr'><strong><em>ad</em></strong></span> <span class='ocrx_word' id='word_1_222' title='bbox 693 3384 808 3432; x_wconf 76' lang='lat' dir='ltr'><strong><em>mare</em></strong></span> <span class='ocrx_word' id='word_1_223' title='bbox 852 3362 1009 3435; x_wconf 84' lang='lat' dir='ltr'><strong><em>Tractus</em></strong></span> <span class='ocrx_word' id='word_1_224' title='bbox 1030 3372 1155 3433; x_wconf 85' lang='lat' dir='ltr'><strong><em>autem</em></strong></span> <span class='ocrx_word' id='word_1_225' title='bbox 1176 3360 1237 3433; x_wconf 86' lang='lat' dir='ltr'><strong><em>ille</em></strong></span> <span class='ocrx_word' id='word_1_226' title='bbox 1257 3360 1373 3432; x_wconf 86' lang='lat' dir='ltr'><strong><em>maris</em></strong></span> 
     </span>
     <span class='ocr_line' id='line_1_30' title="bbox 274 3459 1372 3559; baseline 0.002 -30"><span class='ocrx_word' id='word_1_227' title='bbox 274 3459 518 3555; x_wconf 78' lang='lat' dir='ltr'><strong><em>contractior,</em></strong></span> <span class='ocrx_word' id='word_1_228' title='bbox 549 3470 586 3533; x_wconf 91' lang='lat' dir='ltr'><strong><em>et</em></strong></span> <span class='ocrx_word' id='word_1_229' title='bbox 618 3462 678 3558; x_wconf 93' lang='lat' dir='ltr'><strong><em>qui</em></strong></span> <span class='ocrx_word' id='word_1_230' title='bbox 706 3462 789 3534; x_wconf 89' lang='lat' dir='ltr'><strong><em>visu</em></strong></span> <span class='ocrx_word' id='word_1_231' title='bbox 820 3461 926 3533; x_wconf 88' lang='lat' dir='ltr'><strong><em>traici</em></strong></span> <span class='ocrx_word' id='word_1_232' title='bbox 954 3472 1101 3559; x_wconf 87' lang='lat' dir='ltr'><strong><em>potest</em></strong></span> <span class='ocrx_word' id='word_1_233' title='bbox 1129 3487 1173 3535; x_wconf 83' lang='lat' dir='ltr'><strong><em>eo</em></strong></span> <span class='ocrx_word' id='word_1_234' title='bbox 1201 3473 1372 3559; x_wconf 85' lang='lat' dir='ltr'><strong><em>tempore</em></strong></span> 
     </span>
     <span class='ocr_line' id='line_1_31' title="bbox 274 3513 1373 3677; baseline 0.004 -47"><span class='ocrx_word' id='word_1_235' title='bbox 274 3568 413 3631; x_wconf 86' lang='lat' dir='ltr'><strong><em>stratus</em></strong></span> <span class='ocrx_word' id='word_1_236' title='bbox 435 3513 518 3632; x_wconf 74' lang='lat' dir='ltr'><strong><em>ereb</em></strong></span> <span class='ocrx_word' id='word_1_237' title='bbox 529 3560 650 3658; x_wconf 83' lang='lat' dir='ltr'><strong><em>glacie</em></strong></span> <span class='ocrx_word' id='word_1_238' title='bbox 670 3560 909 3677; x_wconf 63' lang='lat' dir='ltr'><strong><em>firmissima7&#39;</em></strong></span> <span class='ocrx_word' id='word_1_239' title='bbox 913 3570 1071 3676; x_wconf 85' lang='lat' dir='ltr'><strong><em>propter</em></strong></span> <span class='ocrx_word' id='word_1_240' title='bbox 1091 3563 1279 3635; x_wconf 83' lang='lat' dir='ltr'><strong><em>fervorem</em></strong></span> <span class='ocrx_word' id='word_1_241' title='bbox 1296 3562 1373 3634; x_wconf 83' lang='lat' dir='ltr'><strong><em>hie.-</em></strong></span> 
     </span>
     <span class='ocr_line' id='line_1_32' title="bbox 170 3659 1372 3772; baseline 0.004 -42"><span class='ocrx_word' id='word_1_242' title='bbox 170 3737 173 3740; x_wconf 58' lang='grc'>,</span> <span class='ocrx_word' id='word_1_243' title='bbox 273 3659 356 3732; x_wconf 91' lang='lat' dir='ltr'><strong><em>mis</em></strong></span> <span class='ocrx_word' id='word_1_244' title='bbox 393 3660 604 3758; x_wconf 77' lang='lat' dir='ltr'><strong><em>Statimque</em></strong></span> <span class='ocrx_word' id='word_1_245' title='bbox 622 3663 685 3735; x_wconf 90' lang='lat' dir='ltr'><strong><em>ubi</em></strong></span> <span class='ocrx_word' id='word_1_246' title='bbox 706 3662 941 3772; x_wconf 81' lang='lat' dir='ltr'><strong><em>transmissis</em></strong></span> <span class='ocrx_word' id='word_1_247' title='bbox 958 3665 1062 3737; x_wconf 85' lang='lat' dir='ltr'><strong><em>silvis</em></strong></span> <span class='ocrx_word' id='word_1_248' title='bbox 1086 3675 1122 3737; x_wconf 87' lang='lat' dir='ltr'><strong><em>et</em></strong></span> <span class='ocrx_word' id='word_1_249' title='bbox 1142 3662 1372 3737; x_wconf 84' lang='lat' dir='ltr'><strong><em>arundinetis</em></strong></span> 
     </span>
     <span class='ocr_line' id='line_1_33' title="bbox 271 3764 1371 3875; baseline 0.006 -43"><span class='ocrx_word' id='word_1_250' title='bbox 271 3772 459 3833; x_wconf 86' lang='lat' dir='ltr'><strong><em>venerunt</em></strong></span> <span class='ocrx_word' id='word_1_251' title='bbox 481 3785 596 3875; x_wconf 84' lang='lat' dir='ltr'><strong><em>super</em></strong></span> <span class='ocrx_word' id='word_1_252' title='bbox 617 3788 745 3861; x_wconf 85' lang='lat' dir='ltr'><strong><em>mare</em></strong></span> <span class='ocrx_word' id='word_1_253' title='bbox 774 3788 862 3837; x_wconf 86' lang='lat' dir='ltr'><strong><em>ecce</em></strong></span> <span class='ocrx_word' id='word_1_254' title='bbox 885 3764 959 3838; x_wconf 85' lang='lat' dir='ltr'><strong><em>illic</em></strong></span> <span class='ocrx_word' id='word_1_255' title='bbox 978 3765 1131 3862; x_wconf 82' lang='lat' dir='ltr'><strong><em>agmina</em></strong></span> <span class='ocrx_word' id='word_1_256' title='bbox 1149 3764 1371 3839; x_wconf 90' lang='lat' dir='ltr'><strong><em>Sclavorum</em></strong></span> 
     </span>
     <span class='ocr_line' id='line_1_34' title="bbox 273 3862 1372 3965; baseline 0.006 -33"><span class='ocrx_word' id='word_1_257' title='bbox 273 3863 319 3933; x_wconf 88' lang='lat' dir='ltr'><strong><em>de</em></strong></span> <span class='ocrx_word' id='word_1_258' title='bbox 352 3862 539 3936; x_wconf 90' lang='lat' dir='ltr'><strong><em>universis</em></strong></span> <span class='ocrx_word' id='word_1_259' title='bbox 565 3865 768 3961; x_wconf 87' lang='lat' dir='ltr'><strong><em>provinciis</em></strong></span> <span class='ocrx_word' id='word_1_260' title='bbox 794 3867 931 3940; x_wconf 84' lang='lat' dir='ltr'><strong><em>diffusa</em></strong></span> <span class='ocrx_word' id='word_1_261' title='bbox 955 3878 1063 3939; x_wconf 85' lang='lat' dir='ltr'><strong><em>erant</em></strong></span> <span class='ocrx_word' id='word_1_262' title='bbox 1094 3892 1210 3965; x_wconf 88' lang='lat' dir='ltr'><strong><em>super</em></strong></span> <span class='ocrx_word' id='word_1_263' title='bbox 1235 3867 1372 3940; x_wconf 86' lang='lat' dir='ltr'><strong><em>faciem</em></strong></span> 
     </span>
     <span class='ocr_line' id='line_1_35' title="bbox 272 3962 1373 4067; baseline 0.007 -34"><span class='ocrx_word' id='word_1_264' title='bbox 272 3962 404 4059; x_wconf 67' lang='lat' dir='ltr'><strong><em>maris7</em></strong></span> <span class='ocrx_word' id='word_1_265' title='bbox 436 3964 609 4037; x_wconf 83' lang='lat' dir='ltr'><strong><em>distincta</em></strong></span> <span class='ocrx_word' id='word_1_266' title='bbox 637 3991 705 4064; x_wconf 81' lang='lat' dir='ltr'><strong><em>per</em></strong></span> <span class='ocrx_word' id='word_1_267' title='bbox 729 3968 864 4041; x_wconf 84' lang='lat' dir='ltr'><strong><em>vexilla</em></strong></span> <span class='ocrx_word' id='word_1_268' title='bbox 889 3980 928 4041; x_wconf 86' lang='lat' dir='ltr'><strong><em>et</em></strong></span> <span class='ocrx_word' id='word_1_269' title='bbox 946 3993 1102 4065; x_wconf 62' lang='lat' dir='ltr'><strong><em>cunam,</em></strong></span> <span class='ocrx_word' id='word_1_270' title='bbox 1135 3969 1373 4067; x_wconf 84' lang='lat' dir='ltr'><strong><em>expectantia</em></strong></span> 
     </span>
     <span class='ocr_line' id='line_1_36' title="bbox 272 4063 1372 4167; baseline 0.01 -34"><span class='ocrx_word' id='word_1_271' title='bbox 272 4063 479 4137; x_wconf 82' lang='lat' dir='ltr'><strong><em>iussionem</em></strong></span> <span class='ocrx_word' id='word_1_272' title='bbox 495 4066 608 4163; x_wconf 81' lang='lat' dir='ltr'><strong><em>regis,</em></strong></span> <span class='ocrx_word' id='word_1_273' title='bbox 636 4070 799 4167; x_wconf 86' lang='lat' dir='ltr'><strong><em>Eratque</em></strong></span> <span class='ocrx_word' id='word_1_274' title='bbox 818 4069 1372 4166; x_wconf 83' lang='lat' dir='ltr'><strong><em>exercitusillegrandisvalde.</em></strong></span> 
     </span>
     <span class='ocr_line' id='line_1_37' title="bbox 272 4163 1372 4269; baseline 0.009 -33"><span class='ocrx_word' id='word_1_275' title='bbox 272 4163 456 4240; x_wconf 89' lang='lat' dir='ltr'><strong><em>Omnibus</em></strong></span> <span class='ocrx_word' id='word_1_276' title='bbox 479 4166 593 4264; x_wconf 84' lang='lat' dir='ltr'><strong><em>igitur</em></strong></span> <span class='ocrx_word' id='word_1_277' title='bbox 617 4181 724 4242; x_wconf 72' lang='lat' dir='ltr'><strong><em>carue</em></strong></span> <span class='ocrx_word' id='word_1_278' title='bbox 749 4182 786 4243; x_wconf 86' lang='lat' dir='ltr'><strong><em>et</em></strong></span> <span class='ocrx_word' id='word_1_279' title='bbox 807 4171 976 4244; x_wconf 88' lang='lat' dir='ltr'><strong><em>ordinate</em></strong></span> <span class='ocrx_word' id='word_1_280' title='bbox 1001 4196 1068 4269; x_wconf 91' lang='lat' dir='ltr'><strong><em>per</em></strong></span> <span class='ocrx_word' id='word_1_281' title='bbox 1083 4171 1253 4269; x_wconf 82' lang='lat' dir='ltr'><strong><em>singulas</em></strong></span> <span class='ocrx_word' id='word_1_282' title='bbox 1269 4171 1372 4246; x_wconf 88' lang='lat' dir='ltr'><strong><em>acies</em></strong></span> 
     </span>
     <span class='ocr_line' id='line_1_38' title="bbox 271 4268 1372 4369; baseline 0.01 -33"><span class='ocrx_word' id='word_1_283' title='bbox 271 4268 580 4367; x_wconf 67' lang='lat' dir='ltr'><strong><em>consistentibus7</em></strong></span> <span class='ocrx_word' id='word_1_284' title='bbox 595 4270 663 4344; x_wconf 88' lang='lat' dir='ltr'><strong><em>soli</em></strong></span> <span class='ocrx_word' id='word_1_285' title='bbox 679 4275 793 4345; x_wconf 85' lang='lat' dir='ltr'><strong><em>duces</em></strong></span> <span class='ocrx_word' id='word_1_286' title='bbox 809 4271 956 4369; x_wconf 82' lang='lat' dir='ltr'><strong><em>egressi</em></strong></span> <span class='ocrx_word' id='word_1_287' title='bbox 969 4283 1055 4346; x_wconf 91' lang='lat' dir='ltr'><strong><em>sunt</em></strong></span> <span class='ocrx_word' id='word_1_288' title='bbox 1071 4276 1115 4345; x_wconf 87' lang='lat' dir='ltr'><strong><em>ab</em></strong></span> <span class='ocrx_word' id='word_1_289' title='bbox 1131 4273 1372 4347; x_wconf 86' lang='lat' dir='ltr'><strong><em>salutandum</em></strong></span> 
     </span>
    </p>
   </div>
   <div class='ocr_carea' id='block_1_5' title="bbox 0 0 1504 4900">
    <p class='ocr_par' dir='ltr' id='par_1_5' title="bbox 0 0 1504 4900">
     <span class='ocr_line' id='line_1_39' title="bbox 0 0 1504 4900; baseline 0 0"><span class='ocrx_word' id='word_1_290' title='bbox 0 0 1504 4900; x_wconf 95' lang='lat' dir='ltr'><strong><em> </em></strong></span> 
     </span>
    </p>
   </div>
  </div>
 </body>
</html>
