3000 4900
175 419 179 423 ’
283 410 358 483 204
408 405 650 480 HELMOLDI
668 404 908 480 CHRONICA
929 403 1193 481 SLAVORUM.
1226 406 1311 481 LlB.
1331 407 1372 480 ll.

278 607 425 703 pridem
443 610 536 681 enim
553 605 690 680 duxisti
702 630 782 704 nos,
800 606 862 679 ubi
870 610 1037 701 percussi
1049 630 1175 681 sumus
1191 609 1374 681 attritione

282 712 447 783 mucimu
470 716 506 781 et
526 707 755 803 perdidimus
780 710 879 781 uiros
897 716 933 782 ct
946 708 1053 781 urbes
1076 708 1252 781 meliores.
1298 708 1373 783 Nec

281 810 351 883 hiis
374 816 560 883 contentus
586 812 756 883 iteratam
779 816 978 903 supernos
1003 808 1173 884 inducere
1195 814 1249 883 vis
1270 813 1371 904 prin-

283 914 373 1006 cipis
385 911 504 983 num?
526 913 571 984 Et
585 911 767 984 cohibitus
784 922 842 983 est
854 911 1056 985 Pribizlaus
1071 916 1117 985 ab
1131 910 1277 985 insania
1292 936 1370 985 sua.

282 1012 483 1085 Humiliate
503 1022 590 1085 sunt
607 1012 719 1109 igitur
736 1012 836 1086 vires
855 1012 1087 1114 Soranorum,
1106 1037 1177 1085 nec
1189 1013 1270 1085 ausi
1285 1022 1373 1085 sunt

282 1112 443 1186 mutire1
467 1137 534 1211 pre
553 1113 748 1186 formidine
768 1112 883 1186 ducis.
954 1122 956 1129 ’

356 1216 402 1287 Et
415 1214 543 1287 habuit
557 1217 629 1286 dux
644 1238 778 1312 pacem
795 1238 878 1287 cum
890 1214 1127 1287 Waldemaro
1147 1237 1238 1310 rege
1249 1215 1371 1286 Dano-

281 1339 385 1410 rum,
420 1325 458 1388 et
482 1316 766 1387 celebraverunt
794 1314 976 1413 colloquia
1005 1315 1051 1387 ad
1075 1317 1262 1413 Egdoram
1291 1314 1371 1388 sive

279 1416 516 1514 Lubikepro
545 1416 751 1489 commodis
773 1416 964 1513 utriusque
984 1426 1092 1490 terre.
1127 1418 1172 1488 Et
1190 1415 1290 1489 dedit
1307 1440 1374 1489 rex
1489 1492 1490 1501 .

281 1516 365 1591 duci
383 1516 582 1615 pecuniam
600 1542 793 1615 magnam,
813 1542 857 1590 eo
874 1520 970 1615 quod
984 1510 1210 1615 pacarentur
1223 1517 1373 1591 termini

282 1618 363 1690 eius
383 1642 451 1715 per
467 1618 590 1716 ipsum
610 1618 854 1691 evastatione
869 1618 1101 1692 Sclavorum.
1132 1620 1177 1691 Et
1192 1628 1373 1716 ceperunt

280 1718 477 1791 inhabitari
496 1742 629 1791 omnes
648 1720 772 1791 ins-ule
790 1718 904 1792 maris
925 1742 997 1817 que
1017 1721 1062 1790 ad
1081 1740 1242 1817 regnum
1262 1718 1368 1816 perti·
1489 1716 1490 1731 ²

281 1820 587 1917 uenenariorum,
598 1844 643 1892 eo
659 1823 759 1918 quod
776 1820 893 1917 pirata
909 1820 1111 1893 deiecisset
1127 1830 1164 1891 et
1181 1821 1368 1892 confracte
1489 1880 1490 1913 3

282 1920 358 1993 sint
371 1924 488 1995 naves
506 1924 727 2019 predonum.
754 1923 799 1993 Et
810 1922 972 1993 inierunt
988 1932 1136 2019 pactum
1153 1944 1220 1992 rex
1236 1932 1272 1993 et
1286 1924 1372 2017 dux,

280 2033 320 2094 ut
339 2046 581 2119 quascunque
607 2032 743 2119 gentes
770 2034 870 2095 terra
895 2022 1065 2123 marique
1091 2020 1372 2119 subiugassent‚

279 2124 416 2220 tributa
435 2123 624 2196 socialiter
641 2124 877 2221 partirentur.

355 2226 400 2297 Et
417 2222 574 2295 increvit
599 2224 703 2297 ducis
730 2235 899 2321 potestas
927 2247 1042 2320 super
1060 2248 1195 2297 omnes
1213 2222 1272 2321 qui
1292 2222 1372 2295 lue·

280 2336 367 2397 runt
391 2334 479 2398 ante
497 2349 616 2421 eum,
646 2335 685 2399 et
717 2326 837 2399 factus
866 2336 924 2398 est
954 2324 1129 2423 princeps
1162 2322 1370 2423 principum

280 2436 392 2500 terre.
411 2429 456 2501 Et
471 2426 703 2500 conculcavit
717 2426 812 2500 colla
827 2426 1021 2502 rebellium
1037 2437 1074 2499 et
1087 2426 1237 2524 effregit
1249 2424 1371 2498 muni·

280 2527 403 2602 tiones
423 2552 564 2600 eorum.
602 2530 645 2600 Et
663 2529 822 2626 perdidit
841 2529 939 2602 viros
963 2527 1201 2602 desertores²
1228 2537 1264 2599 et
1283 2524 1373 2598 iecit

282 2653 417 2728 pacem
445 2629 483 2701 in
510 2640 609 2729 terra
630 2639 666 2701 et
685 2630 868 2703 edificavit
888 2628 1112 2703 munitiones
1132 2627 1371 2701 firmissimas
1443 2698 1446 2704 .

282 2741 320 2804 et
336 2730 508 2828 possedit
524 2730 771 2804 hereditatem
792 2732 948 2804 multam
967 2730 1089 2802 nimis
1118 2732 1247 2803 Preter
1264 2729 1373 2800 here-

280 2831 433 2905 ditatem
469 2831 569 2903 enim
605 2843 829 2930 magnorum
859 2830 1163 2929 progenitorum,
1207 2829 1371 2902 tortarii

282 2934 424 3006 cesaris
444 2942 482 3005 et
500 2931 668 3030 coniugis
689 2933 770 3006 eius
785 2933 997 3005 Richenzen
1017 2932 1293 3029 multorumque
1309 2933 1372 3002 du·
1489 2965 1490 3026 )

281 3059 367 3107 curn
385 3033 552 3108 Bawarie
572 3044 683 3132 atque
702 3035 877 3131 Saxonie,
904 3043 1149 3107 accesserunt
1168 3032 1201 3104 ei
1220 3031 1369 3103 nichilo·

280 3134 405 3208 minus
437 3135 639 3209 multorum
673 3135 881 3232 principum
915 3135 1202 3232 possessiones,
1238 3143 1278 3204 ut
1308 3130 1371 3202 fuit

280 3237 545 3319 Heremannus
565 3239 611 3308 de
630 3233 890 3333 Winzehurg3',
914 3235 1071 3308 Sitridus
1092 3238 1137 3307 de
1156 3235 1374 3306 Hammem-

280 3333 409 3434 turgt,
436 3337 522 3410 Otto
550 3339 596 3409 de
610 3335 728 3410 estet
747 3347 784 3409 et
810 3337 870 3409 alii
890 3361 1046 3434 quorum
1065 3335 1205 3408 mentio
1227 3333 1372 3406 excidit.

212 3512 214 3531 ,
281 3437 376 3527 Quid
395 3437 517 3510 dicam
537 3440 583 3510 de
608 3437 840 3536 amplissima
860 3447 1045 3535 potestate
1065 3435 1236 3510 Hartwici
1256 3433 1376 3506 archi-

281 3537 462 3638 episcopi,
489 3538 550 3641 qui
570 3539 791 3638 de·:antiqua
810 3537 1004 3612 Udonum⁰
1022 3537 1198 3636 prosapia
1217 3540 1376 3611 descen-

281 3642 358 3714 titt
386 3639 516 3714 Nobile
534 3639 623 3714 illud
639 3645 803 3713 castrum
818 3640 983 3713 Stadhen
1000 3663 1085 3712 cum
1100 3637 1201 3711 omni
1216 3635 1376 3710 attinen-

283 3775 309 3849 1)
328 3792 379 3832 nec
396 3780 458 3832 cusi
474 3782 536 3832 sunt
552 3780 656 3832 mutire.
684 3774 764 3830 losue
776 3773 874 3839 tout.
947 3775 975 3848 2)
995 3773 1075 3831 Conl.
1086 3774 1136 3840 ll,
1148 3793 1172 3829 c.
1186 3772 1232 3826 34.
1300 3771 1327 3841 3)
1338 3769 1377 3828 V.

279 3868 361 3920 supra
380 3851 400 3904 l.
420 3850 442 3904 l.
462 3868 520 3921 cap.
539 3849 585 3905 73.
676 3847 703 3920 4)
723 3847 839 3904 Sitridus
867 3866 956 3903 comes
977 3851 1010 3902 de
1030 3847 1220 3916 Bomeueburg
1236 3855 1263 3900 ct
1281 3843 1376 3900 Hom-

280 3925 350 3993 burg
370 3941 385 3977 e
405 3924 487 3992 stirpe
510 3920 709 3977 Northeimicna
734 3924 802 3977 obiit
827 3939 852 3976 a.
874 3921 953 3984 1144,
980 3923 1056 3975 cuius
1082 3921 1216 3976 hereditas
1243 3921 1276 3972 ab
1295 3917 1375 3971 Her-

281 4015 380 4050 manno
400 4000 435 4052 de
455 3995 639 4067 Winzenburg
664 4006 743 4056 emta,
770 4014 818 4066 per
844 3995 922 4048 huius
948 4005 1058 4049 mortem
1084 3997 1110 4048 in
1138 4012 1231 4048 manus
1250 3990 1375 4045 Heinrici

282 4069 358 4124 ducis
377 4071 511 4142 pervenit3
529 4090 555 4123 v.
568 4070 672 4138 Kolen,
694 4067 818 4139 Beitra'ge
837 4088 884 4122 zur
896 4067 1082 4123 Nietersuchs.
1100 4066 1199 4122 Geseh.
1260 4064 1287 4138 5)
1308 4063 1376 4118 Otto

281 4161 373 4198 comes
393 4145 426 4198 de
445 4143 512 4199 Asle
529 4146 586 4197 sive
600 4142 737 4211 Asleburg
756 4143 818 4196 vixit
834 4143 921 4196 adhuc
940 4161 964 4196 a.
985 4139 1064 4195 1170.
1109 4140 1210 4194 Terrae
1229 4139 1286 4192 eius
1306 4137 1376 4190 sitae

282 4226 360 4270 eraut
382 4218 410 4270 in
436 4217 610 4286 praefecturis
637 4215 752 4270 Saldern
778 4226 804 4270 ct
824 4215 984 4271 Steinbrticlr
1011 4217 1123 4270 ducatus
1151 4211 1375 4267 Brunswicensis.

282 4289 326 4345 lle
345 4291 423 4347 titulo
442 4292 599 4347 hereditatis
619 4308 644 4344 v.
663 4290 760 4344 Kolen
781 4291 799 4346 l.
817 4309 840 4345 c.
933 4289 958 4360 6)
978 4307 1015 4346 ιο.
1035 4290 1160 4344 comitum
1181 4290 1214 4341 dc
1234 4285 1326 4341 Stude.
