3000 4900
263 447 337 517 136
388 438 635 516 natumst
652 437 901 514 CHRONICA
919 433 1188 538 SLAVORUM.
1215 437 1301 510 utu.
1323 439 1349 511 l.

261 642 463 733 familiaris
490 629 613 738 duan,
636 639 810 714 babentes
834 637 1130 712 honoramenta
1152 645 1293 735 pentes,
1315 638 1374 722 ad

261 767 355 842 quas
372 736 908 838 inqredieminioonuertendas.
934 739 1097 834 Rogavit
1115 763 1207 838 ergo
1220 739 1368 838 episco-

263 869 335 943 pus
353 843 504 943 preberi
522 841 593 916 sibi
611 839 796 936 inducias,
815 849 857 912 ut
874 840 1101 914 deliberaret
1116 863 1233 938 super
1250 844 1368 916 verto

263 948 346 1018 hoc.
375 943 641 1040 Dimissusque
657 939 814 1042 pacifice
826 940 929 1013 venit
939 939 1171 1034 bardewich,
1189 940 1250 1014 ubi
1268 963 1371 1018 ,untr-¹

171 1107 175 1113 e
262 1045 329 1120 tadi
350 1054 475 1118 tactus
496 1044 707 1140 egritudine
728 1064 796 1139 per
821 1040 901 1113 dies
930 1040 1072 1138 aliquot
1100 1051 1268 1114 moratus
1295 1051 1367 1116 est.

263 1145 342 1220 Illic
357 1145 458 1218 enim
473 1144 601 1217 incidit
612 1141 808 1243 paralisin,
819 1140 855 1213 in
873 1165 1079 1240 quousque
1094 1143 1140 1214 ad
1155 1153 1366 1214 extremum

263 1246 341 1319 vite
368 1269 438 1318 sue
461 1245 634 1318 laborare
652 1243 757 1316 visus
778 1252 844 1314 est.
888 1241 1028 1315 Sedata
1047 1266 1138 1315 vero
1159 1242 1369 1340 aliquantu·

264 1349 343 1419 lum
373 1345 583 1442 egritudine
601 1347 805 1443 perductus
826 1351 886 1415 est
903 1342 1097 1416 Falderam
1123 1342 1161 1414 in
1180 1343 1371 1437 vehiculo⁷

267 1447 502 1544 multumque
539 1445 722 1542 temporis
756 1440 920 1540 effluxit,
953 1466 1024 1540 quo
1054 1467 1140 1516 eum
1168 1441 1369 1516 infirmitas

268 1546 527 1620 ecclesiastico
554 1546 670 1620 labori
700 1547 947 1618 subtraxerat.
990 1543 1107 1616 Etatis
1137 1543 1239 1616 enim
1266 1544 1367 1615 mole

247 1708 249 1711 ,
267 1648 419 1746 gravior
434 1650 587 1721 morbus
604 1655 831 1728 accesserat.
868 1644 936 1717 Ubi
952 1654 1080 1717 autem
1096 1644 1129 1718 oi
1144 1643 1244 1718 vires
1264 1645 1367 1717 Deus

271 1747 445 1846 prestitit,
471 1744 755 1822 abiit'Bremam
779 1745 1018 1818 consulturus
1039 1745 1368 1845 archiepiscopum

269 1858 308 1921 et
326 1849 468 1922 clerum
488 1872 604 1946 super
622 1851 736 1920 verbo
756 1847 841 1943 hoc,
860 1848 957 1943 quod
976 1845 1212 1945 imposuerat
1229 1846 1264 1919 ei
1283 1848 1367 1918 dux.

268 1948 340 2040 Qui
364 1972 497 2022 omnes
523 1973 598 2022 una
617 1951 825 2043 eademque
844 1947 1031 2020 sententia
1049 1948 1234 2044 refragari
1257 1970 1369 2044 cepe·

193 2093 197 2098 -
269 2049 572 2145 runtdicentes:
599 2047 744 2120 Scimus
757 2044 1176 2144 quidemmoenerobilis
1184 2050 1367 2144 pontisera,

268 2151 456 2222 sanctitati
469 2157 584 2223 vestre
594 2151 730 2243 optime
742 2150 928 2243 coquitum
942 2171 1029 2244 esse,
1044 2147 1247 2245 quidnobis
1259 2172 1372 2243 snper

269 2249 378 2322 vato
396 2248 465 2322 hoa
482 2248 659 2343 expediat.
697 2247 772 2320 Sed
789 2251 877 2345 quia
890 2251 1038 2322 venistis
1046 2251 1271 2344 participari
1283 2273 1370 2322 con·

269 2348 353 2422 sitio
363 2357 505 2448 nostro,
520 2350 674 2423 breuiter
682 2347 955 2446 respondemus,
969 2348 1261 2446 quodsentimus.
1289 2349 1371 2423 Pri·

271 2474 371 2524 mum
396 2453 508 2546 iqitur
530 2454 569 2525 in
585 2451 655 2524 boo
671 2453 821 2545 neqooio
835 2453 987 2545 pensari
1005 2449 1115 2547 decet,
1142 2449 1299 2548 qualiter
1315 2454 1372 2523 in·

164 2570 168 2575 ’
270 2555 440 2624 uestiture
457 2555 673 2646 pontificum
689 2553 1085 2645 imperatorietantum
1105 2549 1274 2647 diqnitati
1286 2574 1371 2645 per·

269 2655 379 2725 misse
395 2654 479 2749 sint,
498 2677 566 2749 que
583 2651 667 2725 sola
684 2650 860 2725 excellens
878 2659 1014 2746 etpost
1027 2651 1371 2743 Deuminfitiisdo·

272 2755 410 2826 minum
420 2756 646 2847 preminens3
663 2751 759 2848 hunc
771 2751 947 2825 bonorem
959 2777 1034 2826 non
1047 2756 1124 2825 sine
1137 2756 1264 2841 fenore
1277 2752 1372 2825 mut·

272 2851 388 2947 tiptici
419 2855 699 2949 conquisierunt.
747 2850 869 2949 Neque
898 2856 1137 2947 imperatores
1166 2852 1373 2949 diqnissimi

189 3032 194 3042 ,
269 2952 412 3027 levitate
438 2956 497 3026 usi
522 2961 618 3049 sunt,
645 2960 685 3025 ut
709 2956 964 3048 episcoporum
982 2952 1121 3027 domini
1137 2960 1369 3050 uocarentur.

268 3052 335 3125 sect
364 3061 689 3148 compensaverunt
711 3078 849 3128 nouam
879 3054 974 3129 hanc
1005 3054 1240 3150 amplissimis
1267 3057 1371 3149 reqni

269 3152 416 3251 dictate,
441 3154 572 3251 quidus
589 3153 741 3227 eoeleste
760 3158 944 3249 copiosius
962 3162 1093 3249 aucta,
1104 3155 1289 3229 decentius
1304 3154 1371 3227 bo·

269 3258 426 3346 nestato,
454 3257 531 3326 iam
548 3277 622 3327 non
645 3253 713 3327 vite
729 3262 871 3348 reputet
891 3280 931 3329 se
948 3254 1000 3327 ad
1016 3256 1203 3329 modicum
1220 3258 1371 3328 cessisse

267 3353 494 3452 subiectam,
509 3379 574 3428 neo
589 3355 781 3429 erubescat
792 3356 965 3429 inclinari
975 3361 1050 3453 uni,
1060 3377 1240 3454 perquem
1247 3358 1372 3450 possit

267 3457 306 3527 in
332 3454 468 3527 multos
492 3454 688 3528 dominari.
734 3455 802 3529 Udi
825 3460 920 3543 enim
936 3455 1014 3529 dur
1030 3456 1086 3530 oei
1103 3456 1279 3551 marchio,
1306 3456 1370 3529 ubi
1442 3471 1451 3475 “

268 3557 306 3627 in
323 3577 434 3650 repno
448 3558 679 3650 principatus
688 3554 715 3651 ¹,
733 3556 998 3653 quantumlibet
1012 3560 1261 3654 mopnus,'·qui
1273 3580 1369 3652 pon·

267 3655 425 3744 tificibus
434 3678 567 3728 manus
580 3680 654 3729 non
672 3660 819 3755 offerat,
833 3665 1035 3755 recusatus,
1046 3665 1223 3752 oportune
1232 3661 1370 3751 impor-

266 3762 362 3852 tune,
387 3779 524 3829 senon
549 3757 718 3852 inperat?
758 3758 930 3847 Certob'm
954 3765 1118 3855 currunt,
1145 3765 1187 3831 ut
1204 3758 1370 3831 domines

265 3860 359 3945 fiant
374 3856 521 3930 ecclesie
534 3864 570 3929 et
579 3860 781 3953 participes
798 3863 891 3948 fiant
906 3859 1160 3949 beneficiorum
1178 3862 1265 3931 eins.
1300 3858 1372 3932 Vos

264 3958 377 4053 ipitur
396 3957 571 4031 bonorem
598 3956 694 4032 bunc
705 3958 981 4053 pessundabitis
1004 3967 1037 4032 et
1054 3962 1259 4055 infrinqetis
1282 3962 1371 4032 iuro

265 4058 413 4153 mapnis,
423 4058 684 4132 autoritatibus
697 4059 823 4133 edita?
839 4060 1029 4139 Dabitisne
1041 4059 1222 4135 buicduci
1233 4083 1370 4133 manus

265 4164 418 4255 oestrus,
439 4166 482 4233 ut
497 4158 566 4232 boa
584 4160 745 4254 exemplo
760 4164 938 4256 incipiant
949 4185 1026 4235 esse
1038 4160 1247 4257 principum
1260 4162 1369 4257 serui,

267 4272 292 4344 1)
312 4274 331 4331 i.
353 4293 376 4329 e.
396 4276 531 4348 princeps,
551 4278 596 4350 qui
615 4275 798 4349 principatum
819 4286 899 4333 tenet.
