3000 4900
119 446 362 523 HELMOLDI
380 433 619 521 CHRONlCA
636 438 901 516 SLAVORUM.
935 436 1021 513 LlB.
1040 436 1081 509 ll.
1132 435 1205 511 207

117 654 191 723 dux
209 648 412 722 exercitum
434 648 616 745 grandem
635 654 672 715 et
688 640 838 715 intravit
855 640 1074 713 orientalem
1090 638 1205 712 Saxo·

119 752 234 849 niam,
262 760 301 822 ut
318 758 503 847 pugnaret
521 770 606 819 cum
625 743 784 817 inimicis
804 742 882 816 suis
901 742 939 814 in
958 740 1081 814 medio
1104 750 1206 812 terre

121 853 248 951 ipsius.
296 853 341 926 Et
365 851 536 922 viderunt
563 846 648 945 quia
675 844 778 917 venit
803 868 888 917 cum
914 865 1027 915 manu
1054 842 1138 913 forti
1168 850 1207 913 et

12 973 13 1012 ³
120 954 322 1026 timuerunt
348 971 546 1024 occurrere
571 947 634 1021 illi.
675 947 720 1019 bt
743 945 832 1026 fecit
857 945 1007 1043 plagam
1028 958 1206 1041 magnam

118 1056 156 1127 in
182 1065 282 1127 terra
307 1051 432 1126 hostili
459 1062 496 1123 et
519 1046 679 1121 vastavit
706 1070 790 1119 eam
817 1044 999 1118 incendiis
1020 1054 1056 1119 et
1074 1048 1207 1142 depre-

117 1156 340 1251 dationibus,
355 1163 392 1226 et
410 1160 635 1250 pervagatus
654 1157 712 1221 est
724 1158 865 1220 terram
880 1170 1000 1244 usque
1016 1145 1061 1217 ad
1078 1168 1206 1219 muros
1303 1214 1305 1221 ,

117 1258 359 1353 Magdeburg.
388 1253 533 1327 Deinde
553 1249 735 1323 convertit
756 1248 960 1321 exercitum
980 1247 1015 1319 in
1036 1246 1207 1319 occiden-

115 1358 213 1429 tales
245 1367 385 1453 partes‚
412 1366 452 1427 ut
483 1351 748 1451 comprimeret
778 1349 977 1422 tumultum
1006 1346 1207 1423 Christiani

118 1458 279 1551 comiti5‚
298 1467 335 1529 et
356 1455 584 1553 improvisus
607 1451 709 1525 venit
728 1451 905 1523 Bremam
929 1459 965 1521 et
989 1449 1088 1547 cepit
1110 1472 1207 1522 eam.

116 1561 222 1632 'l'unc
238 1558 333 1654 fugit
348 1555 579 1630 Christianus
595 1576 724 1627 comes
744 1552 780 1623 in
800 1546 943 1624 abditas
957 1550 1085 1624 Fresie
1105 1551 1208 1647 palu·

117 1664 195 1734 des.
231 1660 275 1731 ht
293 1657 422 1756 irrupit
447 1660 519 1729 dux
538 1654 713 1727 Bremam
733 1662 770 1725 et
788 1654 1013 1750 depredatus
1033 1664 1091 1725 est
1110 1676 1207 1729 eam.

115 1764 162 1835 Et
179 1760 461 1856 transfugerunt
481 1758 583 1829 cives
604 1756 684 1827 eius
702 1754 739 1825 in
758 1754 929 1851 paludes,
949 1776 993 1825 eo
1010 1756 1106 1851 quod
1122 1776 1207 1852 pec-

117 1871 271 1935 cassent
288 1864 470 1933 adversus
494 1859 627 1930 ducem
648 1866 685 1928 et
707 1855 897 1927 iurassent
919 1854 1143 1951 Christiano!
1170 1864 1207 1927 et

115 1962 242 2062 posuit
267 1984 333 2034 eos
358 1964 431 2033 dux
459 1959 495 2030 in
523 1956 848 2054 proscriptionem,
876 1980 1071 2055 quousque
1096 1956 1207 2028 inter-

117 2074 231 2137 ventu
256 2060 528 2159 archiepiscopi
555 2059 655 2130 mille
683 2068 720 2129 et
743 2056 973 2155 eo'amplius
993 2056 1130 2131 marcis
1150 2082 1207 2128 ar·

119 2165 219 2261 genti
237 2188 370 2262 pacem
389 2160 568 2258 indempti
588 2158 708 2233 sunt¹‚
749 2159 982 2235 Christianus
1002 2168 1127 2230 autem
1148 2183 1207 2231 co·
1330 2175 1332 2181 ’

121 2290 202 2337 mes
229 2274 314 2363 post
337 2286 477 2362 paucos
501 2261 580 2334 dies
605 2273 774 2333 mortuus
794 2260 890 2356 est²,
917 2272 954 2332 et
979 2260 1101 2359 sopita
1120 2271 1207 2333 sunt

119 2366 215 2439 mala
235 2364 448 2439 rebellionis
468 2364 547 2437 eius
567 2362 758 2436 molimine
777 2370 964 2459 suscepta.

190 2468 458 2541 Grassantibus
477 2465 589 2562 igitur
615 2487 882 2562 usquequaque
901 2463 1067 2536 civilibus
1087 2463 1207 2560 bellis,

116 2569 323 2642 Hartwicus
347 2562 653 2664 archiepiscopus
672 2569 893 2649 decreverat
917 2568 1014 2662 apud
1034 2588 1076 2636 se
1095 2565 1208 2638 deeli-

117 2695 209 2744 nare
223 2669 423 2743 tumultum
437 2667 700 2764 consurgentis
718 2665 817 2762 belli7
836 2676 873 2738 et
884 2666 980 2748 sedit
990 2667 1208 2739 Hammem·

116 2776 213 2869 burg
231 2771 418 2844 solitarius
434 2780 472 2841 et
486 2769 647 2867 quietus,
670 2767 869 2840 structuris
889 2767 1149 2841 claustralibus
1171 2778 1208 2840 et

117 2871 255 2946 ceteris
274 2870 433 2945 ecclesie
453 2893 520 2943 sue
540 2869 748 2943 commodis
767 2870 943 2942 intentus.
980 2869 1084 2942 Tunc
1102 2870 1208 2944 Colo-

116 2973 260 3046 niensis
286 2972 591 3070 archiepiscopus
618 2969 807 3066 ceterique
827 2969 1035 3067 principum
1056 2974 1208 3043 manda·

114 3085 252 3147 verunt
279 3074 311 3147 ei
335 3099 402 3172 per
428 3072 589 3170 scripta,
625 3082 664 3142 ut
688 3081 885 3142 revocaret
910 3074 955 3143 ad
983 3095 1046 3143 cor
1071 3095 1207 3145 omnes

113 3199 331 3275 pressuras,
350 3174 481 3273 quibus
501 3168 709 3247 attrivisset
724 3196 810 3246 eum
830 3175 921 3245 dux:
941 3196 1040 3244 nunc
1054 3176 1207 3246 tandem

114 3274 270 3350 venisse
295 3284 460 3373 tempus,
487 3299 559 3373 quo
578 3274 699 3374 possit
718 3274 853 3347 auxilio
875 3273 1083 3372 principum
1101 3297 1207 3346 recu·

113 3399 252 3476 perare
266 3385 404 3449 statum
420 3376 572 3449 honoris
584 3375 654 3471 sui7
669 3386 799 3473 patere
815 3375 883 3448 sibi
899 3379 1028 3448 urbem
1039 3377 1206 3449 Stadhen

117 3489 155 3551 et
175 3486 345 3575 ereptam
360 3476 574 3572 curretiam,
592 3477 624 3549 si
640 3499 775 3549 manus
789 3474 999 3574 principum
1015 3476 1207 3551 adiuverit.

113 3578 323 3653 Hartwicus
337 3577 449 3675 igitur
462 3576 783 3676 archiepiscopus,
797 3574 923 3654 multis
939 3576 1206 3677 experimentis

118 3681 286 3779 edoctus,
307 3680 537 3752 fortunatum
561 3702 715 3778 semper
740 3679 778 3751 in
805 3677 933 3778 preliis
953 3680 1086 3752 ducem
1106 3701 1207 3776 esse,

116 3780 331 3880 ambiguam
363 3803 511 3878 quoque
540 3779 768 3879 principibus
798 3779 927 3853 inesse
953 3777 1066 3852 fidem
1095 3789 1132 3860 et
1164 3803 1207 3854 se

114 3881 329 3956 huiusmodi
364 3880 629 3980 sponsionibus
667 3906 760 3980 sepe
796 3881 989 3977 delusum,
1023 3878 1206 3955 fluctuare

118 3983 218 4082 cepit
236 3984 370 4057 animo.
414 3981 644 4058 Provocabat
671 4007 758 4055 eum
778 3980 1022 4080 recuperandi
1051 3982 1205 4056 honoris

116 4083 265 4182 cupido,
283 4087 348 4157 sed
369 4087 580 4159 deterrebat
597 4108 684 4158 eum
701 4108 794 4183 sepe
811 4094 1004 4182 comperta
1018 4082 1204 4157 mobilitas

116 4236 211 4362 gigo
230 4239 319 4363 adppli
335 4245 403 4310 sunt,
421 4258 447 4294 r.
466 4257 545 4312 supra
566 4239 584 4293 l.
605 4238 626 4303 l,
646 4257 670 4292 c.
689 4238 734 4292 38.
836 4239 864 4310 2)
884 4257 921 4293 sc.
941 4257 966 4294 a.
990 4238 1068 4304 1167,
1087 4256 1112 4294 v.
1132 4236 1204 4295 Anu.

185 4326 239 4362 eus.
284 4349 291 4363 .
311 4329 335 4364 a.
