3000 4900
275 374 346 442 ne
379 357 1174 441 uunuomrcanonicismvouun.
1201 337 1334 442 mur}

274 570 382 641 Circa
408 578 580 664 tempora
610 568 755 640 dierum
783 568 933 640 illorum
962 579 1043 642 orte
1071 581 1158 642 sunt
1184 595 1246 644 res
1274 595 1372 644 nore

275 681 313 744 et
337 669 406 741 toti
435 669 515 740 orbi
544 670 738 765 stupende.
776 669 992 744 Presidente
1013 671 1112 743 enim
1132 671 1371 744 sanctissimo

274 795 372 869 papa
392 769 574 867 Eugenio
603 770 774 843 Conrado
803 795 952 867 quoque
979 781 1053 844 tert
1054 771 1089 843 io
1116 773 1373 870 gubernacula

275 870 383 968 regni
407 871 640 965 moderante,
672 871 807 943 claruit
836 871 1050 962 Bernardus
1082 873 1374 946 Clarevallensis

276 975 404 1068 abbas,
423 971 530 1043 cuius
544 971 647 1043 fama
665 981 745 1044 tant
748 996 769 1042 a
777 971 984 1072 signorum
998 972 1069 1044 fuit
1088 974 1263 1071 opinione
1279 974 1376 1048 cele·

277 1072 366 1168 bris7
392 1083 434 1143 ut
452 1073 497 1144 de
515 1082 594 1142 toto
620 1075 709 1144 orbe
737 1063 946 1146 conflueret
964 1074 1009 1145 ad
1035 1098 1121 1146 eum
1145 1076 1375 1173 populorum

277 1172 501 1268 frequentia,
521 1171 672 1269 cupient
674 1173 752 1244 ium
780 1174 918 1268 videre7
942 1199 1014 1271 que
1041 1200 1131 1287 per.
1130 1199 1217 1247 eum
1235 1174 1378 1247 fiebant

279 1273 475 1345 mirabilia
505 1273 617 1344 Hic
588 1283 617 1344 1
619 1299 715 1369 aque
730 1298 908 1370 egressus
923 1273 960 1345 iu
975 1274 1070 1347 Teut
1055 1275 1218 1347 tonicam
1233 1285 1377 1348 terram

277 1373 379 1448 venit
407 1374 452 1446 ad
480 1372 669 1447 celebrem
693 1375 837 1446 curiam
855 1374 1156 1471 Frankenvorde,
1186 1401 1259 1471 quo
1288 1385 1378 1446 tunc

280 1476 377 1547 forte
395 1499 461 1548 rex
480 1474 674 1546 Corradus
694 1499 781 1546 cum
808 1475 909 1552 omui
935 1475 1145 1573 principum
1165 1474 1378 1572 frequentia

230 1637 232 1639 .
278 1575 436 1648 festivus
456 1585 682 1647 occurrerat.
713 1575 809 1647 Cum
827 1575 943 1688 igitur
961 1587 1113 1648 sanctus
1128 1575 1184 1648 vir
1202 1577 1238 1648 in
1259 1577 1380 1650 eccle-

281 1675 336 1748 sia
361 1675 506 1788 positus
534 1675 708 1747 curandis
735 1676 877 1774 egrotis
897 1675 933 1747 in
953 1677 1104 1750 nomine
1123 1676 1273 1748 Domini
1293 1701 1379 1790 pro-

281 1775 435 1888 pensius
462 1775 632 1872 instaret
658 1787 805 1851 astante
831 1801 922 1873 rege
947 1787 984 1850 et
1006 1777 1164 1850 summis
1185 1788 1250 1876 pot
1235 1787 1380 1853 ttr-esta

281 1879 364 1968 bus
383 1875 568 1948 incertum
587 1886 669 1950 erat
686 1876 784 1950 inter
803 1887 926 1949 tantas
946 1876 1174 1976 populorum
1194 1888 1254 1950 cat
1257 1901 1380 1974 erum,

282 1933 369 2073 quiri
389 1975 471 2072 quis
491 1975 695 2074 pateretur
715 1988 780 2050 aut
799 2002 857 2050 cm
849 1977 951 2049 'tfor
937 1988 974 2050 te
993 1978 1264 2051 subveniretur.
1284 1979 1381 2051 Ade-

282 2088 341 2149 rat
358 2076 434 2148 illic
453 2100 581 2151 comes
601 2088 730 2151 noster
743 2079 913 2168 Adortus,
934 2089 1013 2151 cert
1014 2079 1071 2151 ius
1092 2102 1205 2152 nosse
1224 2079 1382 2176 cupiens

283 2203 329 2251 ex
357 2170 577 2274 operatione
606 2177 729 2251 divina
749 2178 926 2252 virtutem
944 2179 1023 2251 viri.
1060 2179 1161 2251 Inter
1178 2181 1249 2252 hec
1269 2181 1382 2251 offer·

282 2289 345 2350 tur
363 2278 396 2350 ei
417 2302 510 2376 puer
529 2303 641 2352 cecus
661 2291 699 2353 et
716 2280 885 2376 elaudtrs,
913 2280 1020 2351 cuius
1049 2279 1250 2352 debilitatis
1276 2281 1382 2352 nulla

284 2378 406 2478 potuit
424 2402 509 2453 esse
528 2379 726 2453 dubitatio:
758 2380 867 2477 Cepit
892 2379 1006 2478 igitur
1032 2379 1303 2479 sagacissimus
1328 2380 1384 2452 in-

187 2474 192 2481 ’
283 2491 430 2571 tentare
458 2481 643 2577 sollerter,
671 2482 703 2553 si
728 2483 825 2553 forte
845 2493 974 2578 posset
1002 2482 1039 2553 in
1062 2483 1134 2553 hoc
1160 2506 1277 2579 puero
1298 2506 1386 2555 san-

286 2581 425 2655 ctitatis
445 2583 526 2655 eius
547 2582 844 2680 experimentum
865 2606 1010 2678 capere.
1049 2582 1164 2655 Cuius
1185 2582 1385 2655 increduli-

286 2682 354 2754 tati
380 2683 496 2755 veluti
519 2682 693 2755 divinitus
719 2682 874 2755 edoctus
900 2682 955 2755 vir
980 2683 1049 2755 Dei
1071 2682 1278 2755 remedium
1298 2708 1385 2781 pro·

285 2783 427 2879 videns,
446 2808 606 2881 puerum
632 2793 759 2881 preter
786 2784 932 2855 morem
956 2783 1065 2855 iussit
1092 2784 1160 2855 sihi
1188 2783 1384 2882 applicari,

287 2894 434 2957 ceteros
454 2884 554 2957 enim
571 2887 685 2957 verbo
703 2894 852 2955 tantum
879 2883 1124 2981 consignavit.
1160 2886 1269 2957 Hunc
1291 2890 1384 2958 vero

287 2984 493 3057 exhibitum
512 2984 685 3057 manibus
710 2984 868 3082 excepit,
895 2985 1090 3082 oculisque
1115 3010 1269 3058 morosa
1295 3010 1386 3058 con·

287 3084 531 3157 tractatione1
554 3084 678 3157 visum
696 3085 872 3181 restituit,
896 3086 1027 3159 deinde
1047 3111 1171 3184 genua
1190 3096 1389 3166 contracta

289 3184 496 3282 corrigens,
521 3184 630 3257 iussit
655 3211 741 3258 eum
768 3210 919 3274 currere
938 3187 984 3258 ad
1004 3188 1156 3285 gradus7
1182 3187 1387 3260 manifesta

289 3286 382 3357 dans
401 3285 536 3359 indicia
554 3286 767 3383 recuperati
785 3296 864 3358 tam
881 3286 985 3359 visus
1006 3312 1118 3384 quam
1138 3312 1304 3385 gressus,

392 3386 500 3484 Cepit
518 3398 670 3461 sanctus
690 3387 766 3485 ille,
793 3389 921 3460 nescio
948 3388 1082 3484 quibus
1110 3388 1275 3461 oraculis
1299 3389 1388 3463 edo-

291 3497 385 3582 ctuS,
405 3489 595 3560 adhortari
615 3488 802 3586 principes
822 3500 1042 3585 ceterasque
1056 3488 1224 3561 fidelium
1243 3490 1387 3588 plebes7

292 3598 333 3659 ut
336 3588 641 3759 proficiscerent
644 3614 688 3661 ur
710 3588 915 3663 Ierusalem
945 3591 989 3662 ad
1019 3589 1321 3688 comprimendas
1349 3600 1390 3664 et

292 3687 478 3761 cristianis
502 3690 663 3787 legibus
678 3688 905 3785 subigendas
932 3693 1111 3763 barbaras
1136 3689 1299 3765 Orientis
1323 3716 1390 3764 na·

292 3792 428 3886 tiones7
459 3790 600 3903 dicens,
632 3790 935 3903 appropinquare
960 3802 1146 3890 tempora⁷
1174 3817 1247 3905 quo
1271 3790 1391 3889 pleni-

291 3892 382 3962 tudo
410 3892 580 3989 gentium
607 3890 761 3963 introire
798 3892 932 3964 debeat
968 3902 1005 3964 et
1038 3892 1091 3964 sic
1116 3892 1238 3964 omnis
1270 3893 1409 3965 lsrael·

294 3992 422 4063 salvus
451 3991 526 4063 fiat.
580 3991 752 4063 Protinus
772 3992 817 4063 ad
843 3994 958 4065 verba
977 3992 1210 4067 exhortantis
1233 3993 1393 4067 incredi-

298 4142 321 4211 t)
343 4143 456 4196 Videtur
470 4142 623 4198 Bernardus
642 4145 734 4199 ocutos
755 4146 828 4198 caeci
849 4163 929 4199 manu
951 4148 1083 4216 tetigisse,
1106 4148 1203 4202 additis
1220 4149 1309 4201 verbis
1327 4165 1395 4203 mo-

293 4220 364 4271 rosis
384 4218 424 4269 vel
444 4222 661 4289 comminatoriis,
683 4228 711 4271 ut
731 4221 889 4273 daemonem
910 4220 1076 4287 adiurat-et.¹
