3000 4900
295 465 345 538 38
397 458 647 554 HELlllOLDl
666 457 913 532 CHRONICA
930 456 1200 532 SLAVORUM.
1227 459 1317 531 LlB.
1333 458 1361 530 Ι.

295 662 400 716 etiam
427 661 515 716 inter
541 661 715 730 gloriosos
735 659 908 714 martires.
952 656 1084 728 Regnavit
1103 668 1193 714 autem
1213 660 1291 712 aanis
1309 659 1398 730 quia-

295 752 422 826 quaginta
432 757 451 804 1.
490 735 573 824 Quo
599 735 790 829 defuncto,
811 731 927 806 Suein
950 756 1069 831 regno
1093 731 1235 846 potitus
1261 733 1300 806 in
1324 757 1397 808 sua

296 834 517 910 crudelitate
543 834 666 910 sevire
694 833 810 932 cepit,
838 831 1104 932 gravissimam
1131 858 1167 906 m
1196 833 1397 909 cristianos

296 935 602 1036 persecutionem
616 935 830 1010 exercens2.
847 935 1248 1032 Consurrexeruntque
1262 958 1397 1008 omnes

297 1036 413 1134 iniqui
431 1036 469 1110 in
487 1037 624 1110 finibus
644 1035 830 1134 aquilonis
845 1033 1068 1134 gaudentes,
1084 1035 1145 1109 vel
1163 1046 1252 1109 tunc
1266 1045 1399 1134 patere

297 1138 425 1211 locum
439 1135 588 1212 malicie
603 1162 684 1234 sue⁷
702 1136 811 1212 bellis
826 1135 970 1210 scilicet
984 1146 1023 1209 et
1035 1135 1399 1234 perturbationibus3

299 1249 556 1336 ceperuntque
579 1237 740 1312 finitima
773 1261 892 1336 regna
916 1261 1055 1310 vexare
1085 1247 1188 1310 terra
1214 1236 1397 1334 marique.

297 1339 464 1412 Primum
483 1339 598 1439 igitur
616 1336 790 1424 conllato,
810 1336 934 1411 navali
961 1336 1139 1433 exercitu,
1165 1337 1398 1436 remigantes

298 1465 404 1516 marc
422 1439 679 1514 Britannicum
697 1436 801 1512 brevi
825 1437 1061 1537 compendio,
1089 1437 1317 1536 appulerunt
1341 1436 1400 1510 lit-

298 1540 442 1614 toribus
453 1540 568 1614 Alhie
586 1539 765 1635 lluminis,
786 1539 847 1612 ubi
865 1538 1060 1638 improvisi
1078 1539 1265 1615 irruentes
1283 1563 1401 1638 super

299 1641 447 1739 quietos
466 1652 504 1715 el
521 1640 745 1739 impavidos,
758 1665 976 1710 vastaverunt
997 1655 1086 1710 omnia
1113 1656 1244 1710 maritima
1261 1655 1399 1712 Hatbelen

300 1759 500 1814 omnemque
520 1750 642 1796 terram
663 1739 843 1800 Saxonum,
863 1756 926 1808 que
945 1747 1021 1790 erat
1038 1755 1140 1810 super
1158 1737 1254 1809 ripas
1274 1739 1400 1793 llumi-

298 1815 366 1878 nis,
392 1831 566 1886 quousque
597 1812 826 1885 pervenirent
859 1809 1035 1875 Stadium,
1067 1813 1155 1882 quod
1184 1820 1236 1866 est
1261 1829 1401 1884 oppor-

299 1896 380 1940 tuna
411 1887 681 1941 stationarium
710 1903 773 1956 per
803 1883 941 1938 Albiam
970 1885 1271 1938 descendentium.
1320 1884 1399 1950 Quo

300 1960 397 2014 tristi
425 1977 562 2016 rumora
588 1960 766 2014 velociter
794 1966 987 2029 comperto,
1016 1957 1165 2011 comites
1193 1956 1346 2027 Sigalridus
1372 1969 1401 2014 et

298 2031 460 2088 Tbidericus
493 2033 669 2106 ceterique
702 2031 853 2093 nobiles,
897 2034 930 2084 ad
966 2047 1049 2101 quos
1077 2030 1258 2101 provincie
1290 2033 1400 2086 tutela

299 2104 510 2178 pertinebat,
532 2115 673 2160 ruerunt
692 2106 823 2159 obviam
843 2105 1015 2167 barbaris,
1034 2120 1095 2156 cum
1117 2113 1205 2156 tamen
1225 2115 1314 2160 essent
1332 2123 1402 2178 per-

299 2179 394 2250 pauci,
421 2180 610 2234 constricti
636 2179 803 2250 temporis
828 2177 993 2239 articulo,
1015 2186 1231 2248 exceperuntque
1251 2178 1342 2232 bostes
1366 2179 1399 2232 in

300 2261 491 2307 memorato
517 2262 617 2320 portu
637 2250 734 2306 Stadii.
777 2249 882 2304 Facta
905 2259 960 2304 est
982 2267 1063 2319 ergo
1083 2267 1189 2322 pugna
1209 2251 1401 2306 vehemen-

300 2323 450 2390 tissima,
488 2324 519 2377 in
557 2343 617 2397 qua
651 2323 904 2396 superantibus
937 2321 1045 2375 Danis
1082 2323 1194 2378 virtus
1224 2321 1400 2379 Saxonum

298 2397 435 2469 penitus
455 2407 506 2453 est
526 2399 657 2454 attrita.
704 2396 860 2452 Comites
884 2396 963 2448 ambe
990 2395 1128 2468 ceterique
1147 2398 1251 2452 nobiles
1271 2415 1303 2452 ae
1322 2397 1402 2453 mili-

299 2481 370 2525 tares
399 2470 463 2535 riri,
493 2474 540 2545 qui
560 2472 741 2527 interfectioni
762 2472 967 2541 superfuerant,
995 2470 1079 2523 vincti
1105 2480 1132 2525 et
1155 2472 1334 2526 cathenati
1363 2474 1400 2525 ad

291 2562 380 2613 ¹nares
401 2546 559 2616 perducti
578 2554 668 2602 sunt.
706 2542 825 2599 Comes
842 2542 1014 2614 Sigalridus³
1032 2543 1132 2597 auxilie
1152 2544 1290 2599 cuiusdam
1307 2546 1402 2616 pisca-

299 2617 365 2671 toris
384 2628 466 2671 noctu
487 2620 659 2689 profugit,
679 2628 706 2672 et
725 2618 809 2673 evasit
827 2615 1034 2687 captionem.
1074 2615 1302 2681 Quamobrem
1323 2620 1402 2671 bar-

299 2691 373 2744 bari
400 2690 492 2746 lurore
517 2692 687 2762 correpti,
722 2708 817 2745 omnes
845 2706 914 2762 quos
941 2689 1078 2743 habebant
1104 2689 1131 2743 in
1157 2691 1271 2744 vinculis
1295 2692 1401 2746 nebi-

299 2764 408 2817 liores
429 2774 620 2819 truncaverunt
638 2766 761 2819 manibus
781 2762 953 2832 etpedibus,
976 2770 1003 2817 et
1021 2780 1087 2816 nare
1107 2764 1226 2833 praecisa
1247 2766 1281 2817 ad
1301 2774 1400 2819 terram

300 2837 472 2891 semianimes
492 2839 671 2907 proiecerunt.
715 2836 821 2891 Deinde
841 2839 913 2907 quod
933 2835 1071 2892 residuum
1090 2837 1140 2890 luit
1165 2839 1303 2906 provincie
1327 2840 1401 2892 illius

300 2912 410 2981 impune
430 2913 533 2981 predati
560 2921 631 2965 sunt.
674 2909 770 2965 Altera
796 2928 857 2981 pars
876 2908 1078 2979 piratarum,
1098 2927 1162 2980 que
1182 2929 1229 2981 per
1246 2910 1402 2965 Wirrabam

300 2986 471 3039 subrecta
495 3003 600 3038 omnem
621 2984 694 3038 illius
710 2984 828 3037 lluminis
845 2982 929 3050 ripam
947 3001 1032 3055 usque
1050 2981 1218 3038 Lestmonam
1239 2993 1404 3039 vastave-

301 3066 371 3118 rat,
400 3075 461 3111 eum
487 3058 600 3111 maxima
626 3060 793 3127 captivorum
814 3056 985 3109 multitudine
1010 3067 1190 3123 pervenerunt
1215 3059 1249 3110 ad
1273 3058 1402 3127 paludem

302 3126 486 3185 Glindesmor.
518 3128 567 3185 Ubi
588 3148 648 3184 cum
663 3131 797 3201 quendam
813 3128 947 3183 Saxonem
968 3128 1112 3183 militem
1128 3129 1263 3199 captivum
1280 3130 1404 3186 lacerent

301 3205 397 3257 ducem
419 3203 535 3265 itineris,
562 3202 609 3257 illa
629 3204 755 3275 perduxit
774 3221 820 3256 ees
840 3204 874 3255 ad
895 3201 1048 3255 dillieiliora
1069 3202 1126 3255 loca
1151 3204 1274 3274 paludis,
1300 3202 1328 3257 in
1348 3214 1404 3275 qua‘

300 3274 340 3329 illi
368 3277 415 3329 diu
441 3276 541 3346 latigati
567 3276 678 3329 facile
697 3294 711 3327 a
732 3275 927 3332 Sar'onibus
947 3277 1003 3345 qui
1024 3274 1180 3330 insecuti
1200 3286 1296 3341 sunt,
1325 3278 1403 3331 dis-

301 3350 391 3402 iecti
418 3359 511 3414 sunt,
540 3357 573 3402 et
599 3350 785 3418 perierunt
804 3366 842 3402 ex
862 3348 912 3401 eis
931 3348 1057 3416 viginti
1078 3348 1180 3402 milia.
1210 3346 1314 3405 Nomen
1334 3351 1403 3404 mi-

300 3420 397 3487 litis,
417 3421 475 3491 qui
496 3424 642 3477 deduxit
662 3441 721 3476 eos
741 3424 780 3475 ad
801 3421 946 3485 invium,
968 3420 1037 3473 luit
1056 3419 1248 3487 Heriwardus,
1268 3423 1315 3494 qni
1335 3442 1403 3494 per-

301 3494 384 3549 banni
405 3492 540 3549 Saxonum
561 3496 641 3550 laude
660 3496 841 3549 celebratur4.

212 3584 292 3639 teet.
383 3572 439 3641 16.
478 3568 669 3657 Quomodo
697 3567 822 3641 sclavi
846 3566 955 3656 fidem
980 3566 1212 3663 reliquerunt.
1292 3568 1404 3669 Circa

302 3666 403 3741 ltlem
420 3678 571 3768 tempus
597 3686 723 3757 impletus
749 3693 790 3739 est
815 3702 900 3738 annus
926 3686 1000 3739 rerbi
1023 3684 1217 3740 incarnationis
1243 3685 1403 3741 millesimus
1480 3757 1481 3760 Ἴ

302 3768 420 3839 primus,
445 3770 473 3822 in
498 3786 553 3843 quo
577 3768 740 3824 fortissimus
764 3768 912 3838 imperator
936 3767 1028 3821 tertius
1048 3762 1129 3831 Otto,
1156 3786 1217 3823 cum
1243 3768 1296 3821 iam
1323 3769 1404 3823 tertio

302 3858 388 3914 vietor
407 3858 519 3916 Romam
546 3860 686 3924 intrasset,
713 3862 847 3914 inmatura
873 3869 959 3913 morte
978 3869 1122 3930 preventus
1138 3859 1295 3915 occubuit³.
1333 3840 1405 3915 Cui

295 3944 488 4016 successit
505 3944 542 4016 in
561 3968 722 4043 regnum
739 3942 825 4042 pius
843 3943 1032 4039 Hinricus,
1050 3942 1192 4016 iustitia
1211 3953 1249 4016 et
1267 3942 1405 4016 sancti·

306 4094 330 4162 l)
351 4093 472 4151 indidem
493 4115 517 4151 c.
530 4096 576 4152 26.
650 4098 677 4167 2)
697 4095 754 4151 Clr.
775 4096 874 4153 Adam.
894 4096 912 4150 l.
931 4094 966 4152 ll.
987 4114 1010 4150 e.
1023 4096 1069 4151 27.
1129 4096 1156 4165 3)
1177 4095 1311 4153 Comitem
1331 4107 1405 4152 reete

304 4168 370 4221 dicit
398 4167 574 4235 llelnroldus,
611 4188 691 4241 quem
721 4170 844 4224 Adamas
869 4170 889 4223 l.
909 4170 928 4222 l.
959 4170 1029 4224 male
1062 4170 1181 4241 appellat
1209 4171 1404 4225 marchionem.

303 4240 330 4310 t)
350 4246 719 4299 certauerunt-celebrabar
736 4245 787 4297 etr.
806 4244 903 4297 Adam.
923 4242 942 4295 l.
962 4241 998 4298 ll.
1019 4261 1043 4298 c.
1055 4243 1093 4295 29
1113 4252 1141 4297 et
1158 4242 1203 4299 ³0.
1280 4245 1306 4316 5)
1326 4241 1406 4299 Obiit

307 4314 387 4367 10⁰2.
407 4312 464 4369 lan.
483 4315 529 4369 24.
552 4316 621 4371 Sunt
640 4320 721 4371 rerba
741 4316 840 4371 Adami
860 4318 878 4372 l.
898 4314 933 4370 ll.
953 4334 978 4374 e.
990 4316 1036 4372 to.
1267 4310 1277 4328 ⁵
