3000 4900
159 397 411 565 ,uuuuuum
431 452 672 528 cunnum
690 450 959 527 sunvonuu.
986 450 1072 524 uu
1088 450 1112 523 1.
1169 452 1270 523 us'

134 652 279 733 uitreis
302 656 444 729 curiam
467 657 565 752 apud
587 652 832 751 lrlareipulim7
856 652 1045 727 civitatem
1066 652 1242 747 Suuunie7

136 757 409 853 mandavitque
426 754 655 853 principibus
675 753 1097 851 sollempniteradesse.
1126 754 1242 827 Missa
1275 780 1280 783 ·

136 881 294 958 qnoque
309 856 514 953 legatione,
529 855 846 951 rageslluncm'm
864 857 1137 928 tumultuantes
1156 879 1243 927 evo·

125 952 128 956 ’
144 960 254 1053 cauit,
273 968 314 1031 ut
327 962 551 1031 decerneret
564 956 662 1030 inter
676 978 742 1029 eos
757 956 946 1029 mediante
955 956 1111 1029 iustitia.
1138 957 1244 1029 Tunc

139 1061 330 1156 Kunutus⁷
345 1082 457 1155 quem
471 1055 582 1129 tertio
593 1056 711 1129 Dania
723 1056 872 1153 pulsum
890 1082 1002 1155 supra
1018 1058 1155 1132 dictum
1173 1066 1243 1149 est,

142 1160 251 1234 uenit
268 1161 313 1233 ed
333 1162 466 1231 ducem
487 1166 672 1252 nostrum,
691 1180 832 1255 rugans
853 1168 892 1229 ut
911 1158 1191 1248 eius.cunductu
1208 1166 1245 1229 et

147 1260 283 1335 auxilio
301 1260 338 1333 in
358 1258 460 1332 curia
481 1257 588 1355 potiri
608 1269 829 1331 mereretur.
861 1258 975 1330 Porro
995 1254 1246 1355 archiepisco-

147 1386 219 1460 pus
238 1360 414 1433 cunduxit
429 1358 545 1433 Suein
564 1381 711 1455 regem,
729 1359 874 1432 habens
894 1358 992 1431 inter
1006 1360 1143 1431 multos
1161 1358 1245 1429 reli-

143 1462 278 1560 giosus
305 1472 343 1534 et
358 1460 543 1533 honestos
562 1458 661 1532 viros
677 1463 857 1532 domnum
876 1459 1083 1533 Vicelinum
1104 1459 1247 1557 episco-

144 1586 240 1661 pum
264 1562 301 1637 in
330 1560 507 1635 comitatu
532 1583 611 1632 suo.
655 1562 701 1633 Et
718 1560 845 1633 habita
873 1571 931 1634 est
949 1560 1050 1634 curia
1070 1560 1131 1633 illa
1150 1560 1349 1657 cele-1152·-

143 1663 227 1740 uris
246 1663 344 1759 apud
363 1659 608 1757 Marcipolim
627 1660 688 1734 uui
708 1660 897 1758 principes
917 1663 1110 1755 Danorum
1124 1642 1325 1773 ceule-³¹¹}

150 1762 269 1839 derati
287 1772 389 1858 suut,
407 1761 522 1835 Suein
539 1772 716 1834 coronato
731 1762 768 1833 in
784 1763 953 1860 regeml,
972 1763 1109 1837 ceteris
1125 1762 1249 1836 eidem
1306 1758 1320 1773 ”

144 1862 318 1939 hominio
347 1858 524 1936 subactis.
561 1860 759 1936 Dissensio
780 1874 921 1961 autem,
947 1888 1019 1961 que
1045 1874 1127 1937 erat
1153 1863 1250 1936 iuter

152 1968 288 2040 ducem
310 1973 348 2036 et
369 1960 627 2037 marchionem
653 1962 776 2035 sederi
803 1970 876 2035 ncn
898 1974 1056 2061 poterat,
1085 1964 1248 2061 eoquod

152 2064 344 2165 principes
373 2062 478 2157 elati,
503 2062 605 2159 regis
631 2065 755 2137 adhuc
784 2064 948 2159 recentis
976 2064 1116 2138 uronita
1144 2064 1250 2163 perri

153 2167 371 2264 penderent
415 2164 608 2238 Persuasit
625 2164 739 2261 igitur
757 2165 1065 2263 archiepiscopus
1086 2165 1250 2238 Vicelino

148 2266 350 2364 episcopo,
368 2275 409 2337 ut
426 2262 687 2338 investituram
706 2268 753 2339 de
772 2291 886 2339 manu
903 2266 1007 2363 regis
1026 2268 1252 2365 perciperet,

147 2391 231 2443 non
250 2367 413 2441 fructum
433 2364 607 2462 ecclesie,
627 2368 693 2438 sed
713 2366 839 2440 odium
855 2367 958 2440 dulcis
973 2367 1174 2440 intentans.
1207 2368 1255 2439 At

147 2469 218 2545 ille
245 2492 319 2542 nun
347 2467 562 2562 consensit,
589 2477 693 2540 ratus
719 2467 814 2541 iram
838 2469 942 2542 ducis
968 2467 1255 2567 implacabiliter
1334 2477 1337 2482 ’
1374 2468 1376 2471 ’

156 2568 324 2646 accendi.
355 2569 395 2640 ln
415 2568 488 2640 hac
507 2567 608 2641 enim
627 2578 726 2640 terra
746 2569 826 2642 sola
850 2569 955 2643 ducis
979 2569 1182 2642 auctoritas
1202 2578 1255 2641 at·

148 2668 332 2747 tenditur.
359 2669 489 2744 Suluta
509 2669 700 2742 estcuria.
731 2712 733 2714 v

232 2769 423 2844 vicelinus
448 2769 649 2868 episcopus
672 2795 852 2844 reversus
879 2781 937 2844 est
961 2771 997 2843 in
1016 2767 1259 2868 parrochiam-

159 2895 284 2968 suum,
311 2869 529 2968 invenitque
557 2871 839 2944 sanctissimum
862 2871 983 2944 virum
1012 2872 1260 2945 Thetmarum

152 2970 328 3072 ‚presenti
354 2970 429 3044 vite
454 2975 695 3046 subtractum.
742 2972 848 3060 Quod
874 2971 1051 3045 nimirum
1078 2973 1262 3070 episcopo-

158 3072 364 3149 maximam
387 3071 510 3147 intulit
536 3071 758 3146 mesticiam.
802 3072 869 3146 llle
897 3073 997 3146 enim
1016 3073 1266 3148 dulcissimus-

161 3175 231 3271 vin
249 3172 789 3270 omniumsemperdevotiune
805 3175 1127 3274 complectendus,
1141 3173 1267 3248 nemi-1

162 3279 251 3350 nem
273 3297 342 3350 suo
356 3283 528 3372 tempore
547 3273 651 3348 visus
671 3286 731 3348 est
748 3276 928 3350 habuisse
948 3300 1177 3374 comparem.
1212 3275 1261 3348 Ut

163 3375 264 3451 enim
292 3378 337 3450 de
363 3373 437 3450 vita
466 3375 546 3449 eius
574 3374 747 3473 quiddam
776 3377 940 3450 breviter
966 3377 1268 3476 summatimque

162 3474 457 3576 perstringant
483 3485 571 3550 ante
591 3486 815 3574 conceptum
832 3477 942 3552 matri
964 3489 1095 3552 sancte
1118 3478 1270 3552 revela*

163 3588 240 3675 tus,
265 3581 311 3654 ab
334 3577 426 3674 ipsis
449 3577 643 3650 cunabulis
667 3578 904 3677 mancipatus
929 3592 987 3653 est
1009 3580 1137 3653 altaris
1157 3577 1271 3652 mini-1

164 3678 303 3773 sterioq
333 3679 696 3776 commendatusque
721 3683 820 3753 bonu
848 3681 1029 3779 magistro
1058 3679 1269 3778 discipulus-

165 3779 332 3878 0ptimus
357 3779 616 3877 perseveravit
639 3779 677 3852 in
701 3779 897 3878 disciplina
917 3805 1038 3880 usque
1066 3783 1110 3852 ad
1135 3779 1271 3854 viriles

168 3934 194 4007 1)
215 3933 302 3988 1152·
321 3931 388 3988 Mat.
408 3931 452 3987 18.
477 3932 631 3988 Hartwicus
655 3934 873 4006 archiepiscopus
900 3933 1069 4000 Bremensis,
1095 3931 1271 3988 Emehardus!

164 4007 447 4076 Michelenlrurgensiu
476 4007 618 4079 episcopus
647 4014 674 4061 el
703 4005 795 4062 Sueno
824 4026 871 4062 rex
898 4005 1054 4073 Hunorum,
1090 4009 1135 4081 qui
1164 4007 1270 4061 ibidem·

166 4097 280 4152 reguum
300 4079 419 4150 suscepit
437 4085 471 4136 de
490 4098 569 4136 manu
589 4079 692 4136 domiui
707 4083 786 4152 regis,
806 4091 834 4137 el
848 4081 924 4136 Knut
942 4083 1012 4138 ulter
1025 4080 1129 4145 Dauus,
1149 4082 1194 4152 qui
1210 4079 1269 4132 ibi-

169 4155 229 4208 dem
249 4169 362 4224 regnum
383 4154 409 4204 ln
430 4172 538 4209 manum
559 4153 661 4208 domini
681 4156 752 4225 regis
771 4156 908 4220 refutavit,
935 4156 1079 4210 laudantur
1097 4156 1168 4210 inter
1186 4162 1275 4208 testes-

166 4228 196 4280 in
216 4227 308 4280 charla
326 4222 459 4282 Friderici
477 4227 549 4297 regis
569 4229 629 4281 data
649 4227 677 4281 in
697 4230 771 4282 curie
792 4227 960 4291 Mersburrh‚
987 4227 1091 4283 Erlrard
1113 4225 1180 4284 Cud.
1201 4225 1274 4298 dipl„

168 4299 295 4361 Wesllal.
315 4297 355 4365 11,Ι
371 4297 416 4356 64.
509 4301 536 4372 2)
559 4299 589 4355 V.
608 4318 687 4374 supra
708 4319 766 4374 cup.
785 4300 829 4366 44,
850 4300 886 4353 45
905 4311 931 4356 et
950 4301 994 4356 58.
