3000 4900
270 461 319 532 46
370 453 621 528 HELMOLDI
640 446 886 526 CHRONlCA
904 450 1173 524 SLAVORUM.
1200 448 1290 522 LlB.
1305 449 1332 522 l.

272 663 411 730 uertens
430 655 481 728 ad
493 654 674 750 populum
692 661 797 726 tuum
815 655 1001 725 unnurrciu
1025 656 1089 748 eis,
1115 659 1158 724 ut
1179 649 1231 731 orl
1248 649 1372 726 locum

274 757 497 831 destinatum
511 756 877 829 comminativum
887 752 1023 848 fideles,
1038 756 1100 851 qui
1116 774 1257 824 mecum
1272 751 1372 823 ctam

271 864 392 956 ayunt
407 857 451 930 de
468 855 592 945 federe
609 863 645 928 et
657 857 765 950 pacis
782 857 1027 927 conuentione.
1075 854 1153 944 (luo
1173 856 1276 940 facto
1294 876 1372 924 om·

273 985 355 1034 nem
372 958 468 1031 hanc
485 957 630 1030 turham
648 955 849 1050 latronum,
868 979 951 1027 cum
968 955 1098 1052 quibus
1116 956 1236 1051 inopis
1252 977 1372 1026 neces-

273 1065 380 1134 sitate
414 1083 525 1157 quam
552 1056 742 1130 *voluntate
769 1055 950 1146 detineor,
983 1055 1134 1128 nudam
1170 1059 1207 1128 in
1239 1077 1373 1127 munus

272 1185 409 1235 eorum.
435 1161 479 1232 Et
497 1161 569 1232 hec
587 1159 716 1232 dicens
732 1157 945 1254 designavit
964 1157 998 1229 ei
1011 1158 1137 1230 locum
1157 1168 1194 1229 et
1208 1167 1372 1254 tempus.

268 1264 343 1350 Qui
370 1285 455 1334 cum
481 1260 652 1333 venisset
678 1263 722 1331 ad
750 1258 980 1357 presidium,
1013 1258 1050 1330 in
1079 1282 1151 1356 quo
1177 1257 1371 1330 Saxonum

273 1362 498 1463 superstites
519 1385 603 1433 cum
621 1384 760 1458 magno
779 1359 916 1432 timore
932 1359 1203 1454 consistebant,
1220 1356 1372 1430 nuncia-

273 1465 326 1538 vit
353 1461 565 1536 senioribus
591 1465 748 1536 verbum
774 1461 871 1533 istud
900 1459 1207 1556 absconditum¹,
1234 1482 1373 1557 sugge-

273 1590 362 1638 rens
378 1562 618 1657 omnimodis,
632 1572 671 1634 ut
689 1561 991 1634 transmitterent
1002 1561 1103 1633 viros
1122 1563 1168 1632 ad
1185 1557 1372 1658 prefixum

273 1665 446 1763 colloquii
464 1664 602 1736 locum.
648 1666 695 1736 At
713 1661 763 1733 illi
783 1686 858 1734 non
878 1662 1132 1758 intenderunt,
1151 1671 1372 1759 reputantes
1491 1702 1492 1705 =

273 1767 401 1840 dolum
420 1763 564 1838 insidiis
586 1774 825 1861 oportunum.
874 1802 877 1806 ·

346 1864 412 1920 Post
436 1865 539 1937 aliquot
561 1863 652 1936 itaque
678 1863 735 1916 dies
761 1863 831 1917 idern
857 1861 982 1933 princeps
1007 1865 1112 1916 educe
1136 1869 1231 1932 captus
1250 1869 1276 1915 et
1291 1861 1374 1932 quasi
1434 1858 1440 1866 ⁴

272 1941 396 2010 princeps
415 1938 549 1991 latronum
568 1935 595 1990 in
616 1935 721 1990 vincula
748 1935 884 1990 coniectus
910 1944 959 1990 est.
997 1934 1178 2005 Reputans
1203 1946 1291 1988 autern
1319 1936 1374 1988 dux

272 2015 357 2066 virum
379 2013 474 2065 fortem
494 2019 526 2066 st
546 2013 585 2064 ud
605 2025 695 2064 arma
715 2017 921 2062 strennuum
947 2008 1070 2061 utilem
1096 2007 1164 2062 sibi
1191 2009 1285 2072 lore,
1311 2007 1374 2061 iniit

273 2103 335 2140 cnm
355 2102 387 2139 co
408 2085 500 2148 ledus,
520 2091 553 2137 et
572 2083 775 2137 honorilice
795 2086 956 2136 donatum
976 2080 1053 2136 abire
1073 2080 1204 2150 permisit.
1240 2081 1285 2134 At
1309 2081 1373 2135 ille

273 2159 437 2213 dimissus
451 2157 542 2212 abiit
559 2157 593 2210 ad
606 2156 849 2226 regomDunoruru
863 2153 1002 2208 hanutum
1016 2164 1044 2209 et
1057 2155 1256 2224 mansitapud
1270 2153 1372 2208 illum

202 2290 205 2295 .
275 2248 393 2304 multis
411 2248 537 2302 niebu-
557 2247 626 2302 sive
647 2247 780 2310 annisa
800 2229 913 2302 variis
930 2230 1111 2302 bellorum
1127 2228 1315 2301 exercitiis
1333 2227 1372 2300 in

274 2330 503 2406 Normannia
524 2329 604 2404 sive
623 2329 757 2426 Anglia
780 2329 926 2428 virtutis
955 2329 1023 2404 sibi
1051 2329 1212 2426 gloriam
1231 2328 1375 2403 consci-

275 2430 423 2508 scens³.
457 2433 563 2506 Unde
584 2430 696 2504 etiarn
717 2430 792 2504 filia
811 2431 914 2530 regis
934 2431 1141 2505 honoratus
1162 2427 1253 2505 estt

351 2538 409 2609 20.
441 2532 495 2605 De
512 2532 583 2623 tide
602 2532 828 2607 Godescalci.
882 2534 970 2606 Post
989 2544 1152 2605 mortem
1171 2531 1284 2629 igitur
1301 2531 1374 2604 Ka-

276 2634 353 2708 nuti
372 2632 501 2732 regis5
526 2658 704 2707 reversus
726 2644 786 2707 est
805 2634 1061 2708 Godescalcus
1088 2633 1126 2705 in
1150 2643 1290 2707 terram
1311 2656 1375 2731 pa-

274 2748 373 2808 trum
393 2759 559 2807 suorum.
586 2736 632 2808 Et
649 2734 848 2808 inveniens
863 2735 1114 2808 hereditatem
1132 2758 1243 2808 suam
1262 2734 1374 2832 aqui-

275 2838 432 2910 busdam
452 2834 620 2931 tyrannis
640 2834 826 2933 invasam,
846 2835 1023 2909 dimicare
1043 2834 1185 2933 statuit,
1204 2846 1242 2908 et
1261 2834 1376 2907 comi-

274 2947 378 3010 tante
397 2935 551 3010 victoria
580 2936 850 3034 possessiones
875 2960 959 3009 curn
979 2935 1188 3036 principatu
1216 2960 1262 3008 ex
1281 2935 1375 3008 inte·

277 3062 344 3135 gro
365 3036 519 3137 recepit.
561 3036 771 3136 Statimque
790 3040 835 3109 ad
864 3038 1159 3135 conquirendum
1187 3036 1257 3109 sibi
1276 3038 1374 3134 apud

275 3140 477 3211 Dominum
504 3138 662 3235 gloriam
690 3150 727 3211 et
755 3139 939 3211 honorem
965 3138 1133 3212 animum
1158 3136 1375 3235 intendenS,

152 3300 159 3306 .
276 3238 1375 3338 Sclavorumpopulos,quoschristianitatisolimsuscepte

276 3340 411 3414 oblivio
427 3340 502 3413 iarn
516 3344 682 3436 tenebat,
693 3342 738 3412 ad
754 3339 1009 3437 recipiendam
1025 3337 1275 3413 credulitatis⁶
1290 3364 1375 3437 gra·
1491 3375 1492 3378 ¹

275 3440 366 3514 tiam
392 3453 430 3515 et
456 3444 503 3515 ad
525 3444 735 3539 gerendum
761 3441 924 3515 ecclesie
944 3465 1073 3513 curam
1093 3440 1278 3515 suscitare
1298 3451 1375 3513 stu-

275 3542 363 3615 duit.
399 3542 445 3615 Et
462 3552 726 3641 prosperatum
748 3553 808 3615 est
825 3565 922 3641 opus
942 3542 1009 3615 Dei
1028 3542 1066 3614 in
1085 3543 1258 3615 manibus
1278 3540 1375 3636 eius,

277 3646 371 3716 adeo
399 3652 439 3716 ut
464 3642 605 3715 infinita
631 3641 828 3741 gentilium
862 3643 1059 3716 multitudo
1087 3640 1296 3715 conflueret
1326 3644 1374 3715 ad

277 3743 454 3843 baptismi
479 3744 651 3841 gratiam.
709 3745 753 3817 Et
776 3742 993 3818 reedificate
1020 3754 1109 3817 sunt
1132 3767 1203 3842 per
1227 3742 1375 3816 univer·
1437 3758 1440 3763 '
1491 3733 1492 3736 ¹

277 3868 360 3917 sam
388 3846 627 3943 Wagirorum
647 3843 879 3943 provinciam
900 3869 970 3918 nec
996 3870 1071 3918 non
1096 3855 1133 3918 et
1151 3843 1375 3941 Polabingo·
1491 3859 1492 3886 ³

278 4020 302 4091 1)
321 4020 428 4075 onium
446 4022 517 4077 istud
535 4021 722 4089 absconditum,
743 4018 794 4076 Er.
816 4019 904 4074 horae
923 4038 947 4077 o.
969 4018 1011 4083 18,
1022 4020 1067 4074 34.
1131 4017 1159 4091 2)
1179 4020 1377 4075 Post-onais

274 4094 369 4149 ellccit
387 4111 419 4148 ex
438 4094 536 4149 Atlanti
556 4094 574 4148 l.
594 4092 628 4147 ll.
650 4112 673 4147 c.
687 4092 737 4147 (il.
753 4095 841 4148 verbis
861 4094 1034 4148 llelnroldus.
1151 4093 1179 4161 3)
1198 4090 1256 4147 cn.
1274 4091 1374 4146 Adam.

276 4166 294 4219 l.
317 4165 351 4220 ll.
372 4184 395 4221 c.
409 4168 454 4221 75.
571 4166 598 4227 4)
619 4164 676 4223 cn.
696 4164 793 4220 Adam.
810 4168 828 4222 l.
848 4166 897 4221 lll.
917 4185 940 4220 c.
957 4165 999 4223 18.
1035 4165 1103 4220 Filia
1123 4165 1191 4219 haec
1209 4166 1280 4238 rogis
1300 4164 1372 4220 Sven

275 4240 416 4294 dicebatur
436 4239 545 4295 Siritha.
580 4238 610 4294 V.
631 4238 763 4295 Saxonem
785 4238 995 4293 Grammaticurn
1016 4240 1035 4297 l.
1055 4239 1103 4293 Xl.
1123 4257 1149 4309 p.
1163 4238 1227 4293 557.
1250 4247 1276 4293 et
1296 4236 1374 4292 Xlll.

273 4331 302 4383 p.
315 4312 379 4368 618.
454 4315 480 4385 5)
500 4314 624 4367 liunutns
644 4332 689 4367 rex
709 4314 776 4367 obiit
796 4331 820 4367 a.
835 4312 915 4369 1035.
937 4332 972 4367 rn.
991 4312 1146 4369 Novembri.
1215 4312 1241 4385 6)
1261 4312 1335 4366 lidei.
