3000 4900
262 411 312 482 78
363 406 608 481 autunum
628 407 870 484 CHRONICA
890 409 1157 484 SLAVORUM.
1184 407 1273 484 LlB.
1293 409 1320 484 1.

262 606 363 682 biam
389 616 426 682 et
445 630 551 682 mare
567 607 752 682 Balticum
773 619 811 682 et
828 607 1053 709 longissimo
1071 619 1191 684 tractu
1211 617 1365 708 porten-

263 710 401 782 duntur
426 731 546 806 usque
570 712 616 783 ad
643 720 783 784 terram
805 711 1043 784 Polonorom.
1087 710 1211 809 Super
1229 733 1367 784 omnes

122 841 127 848 ’
263 808 334 882 hos
353 809 774 907 imperavitHeinricus⁷
791 822 1025 909 vocatusque
1045 823 1104 885 est
1122 835 1188 886 rex
1207 811 1366 885 inomni

261 908 484 984 Sclavorum
502 909 841 1008 Nordalbingorum
860 912 1064 1012 provincia.

366 1014 424 1086 37.
442 1009 497 1082 De
513 1013 669 1084 victoria
686 1010 827 1086 Mislue.
863 1015 956 1088 Cum
977 1014 1090 1111 igitur
1103 1012 1186 1087 vice
1202 1015 1366 1110 quadam

261 1109 529 1185 Brizanorum¹
555 1121 593 1185 et
611 1111 931 1187 Studeranorum²
950 1115 1091 1214 populi,
1116 1113 1166 1188 hii
1190 1113 1369 1188 videlicet
1472 1185 1473 1188 ,

263 1213 326 1311 qui
354 1211 569 1311 Havelberg
597 1223 635 1286 et
657 1214 929 1314 Braudeuburg
957 1215 1144 1313 habitant,
1178 1214 1370 1290 rebellare

261 1322 453 1416 pararent,
474 1312 599 1388 visum
621 1313 689 1388 fuit
719 1316 908 1410 Heinrico7
932 1318 1047 1390 armis
1073 1319 1273 1392 adversum
1297 1339 1369 1390 eos

263 1418 466 1511 utendum⁷
494 1440 543 1488 ne
568 1417 663 1488 lorte
689 1419 847 1490 duarum
872 1418 1042 1515 gentium
1069 1417 1269 1492 insolentia
1295 1416 1366 1490 toti

263 1517 397 1590 orienti
409 1517 623 1591 rebellionis
642 1517 1062 1617 nrateriamparturiret.
1088 1518 1255 1593 Perrexit
1270 1542 1365 1616 ergo

264 1643 349 1693 cum
367 1616 609 1690 amicissimis
628 1616 706 1690 suis
724 1617 1063 1716 Nordalbingorum
1086 1620 1256 1716 armatis,
1281 1642 1367 1717 per-

263 1742 479 1815 agransque
493 1718 715 1791 Sclavorum
738 1719 985 1817 provinciam,
1003 1744 1088 1793 cum
1109 1720 1252 1818 ingenti
1269 1720 1366 1818 peri·

264 1820 348 1892 culo
369 1819 488 1897 ‚venit
520 1819 736 1917 Harelberg
773 1844 934 1919 eamque
970 1820 1164 1896 obsidione
1201 1820 1365 1896 vallavit.

263 1919 512 2020 Precepitque
535 1920 636 1992 omni
656 1921 910 1996 Obotritorum
930 1924 1080 2022 populo,
1104 1922 1366 2014 ut'descendef

264 2032 350 2094 rent
384 2023 430 2093 ad
458 2021 777 2118 expugnationem
803 2023 926 2120 urbm,
954 2034 992 2097 et
1016 2023 1133 2096 crevit
1159 2022 1302 2098 obsidio
1325 2022 1363 2094 in

263 2123 344 2194 dies
361 2131 572 2195 otmenses.
600 2120 747 2194 Interea
763 2123 949 2220 perlatum
961 2126 1076 2196 estad
1087 2121 1363 2218 Mistue‚filirrm

262 2219 446 2317 Heinrici‚
477 2223 575 2317 quod
600 2245 696 2318 gens
724 2225 886 2320 quedam
907 2224 1041 2296 loreto
1066 2221 1204 2317 vicino,
1230 2222 1364 2296 fertilis

263 2321 437 2396 omnibus
455 2319 577 2417 bonis,
605 2322 913 2421 habitatoresque
931 2323 1012 2397 eius
1034 2322 1149 2422 quieti
1169 2332 1207 2394 et
1224 2320 1365 2394 nullius

263 2423 489 2499 turbulentie
511 2423 690 2523 suspecti.
711 2425 841 2499 'Porro
864 2424 989 2499 Sclavi
1006 2423 1058 2497 illi
1076 2423 1162 2500 dicti
1177 2431 1266 2497 sunt
1281 2421 1363 2495 Lini
1495 2420 1496 2444 ¹

263 2525 345 2623 sive
359 2521 557 2623 Linoges³.
582 2526 877 2625 Assumpsitque
896 2550 1028 2600 secum
1047 2529 1230 2600 ducentos
1249 2523 1366 2598 Saxo·

263 2653 354 2701 num
374 2638 411 2699 et
428 2635 621 2700 trecentos
642 2626 879 2726 Sclavorum,
899 2651 1033 2701 omnes
1049 2627 1205 2723 electos,
1226 2634 1262 2698 et
1275 2624 1365 2698 abiit

261 2728 474 2802 inconsulto
501 2736 608 2824 patre
627 2728 698 2801 iter
722 2728 821 2802 bidui
847 2752 917 2828 per
941 2728 1137 2826 angustias
1164 2749 1363 2799 nemorum

263 2841 301 2904 et
317 2826 555 2904 difficultates
576 2852 759 2926 aquarum
774 2839 811 2902 et
825 2830 971 2928 paludis
988 2828 1166 2923 maxime,
1184 2827 1366 2924 irruitque

264 2956 379 3029 super
392 2953 549 3003 securos
565 2939 603 3001 et
616 2929 841 3028 impavidos3
862 2939 900 3003 et
917 2930 1020 3019 duait
1038 2953 1084 3002 ex
1104 2929 1159 3001 eis
1179 2926 1363 3000 inlinitam

262 3034 420 3131 predam
440 3041 477 3104 et
495 3029 751 3129 captivitatem
763 3030 957 3104 hominurn
970 3027 997 3127 ⁴,
1016 3029 1364 3127 abieruntqueonu·

264 3132 323 3206 sti.
360 3131 531 3229 Cumque
553 3129 796 3204 maturantes
809 3131 969 3204 reditum
989 3129 1196 3205 difficiliora
1215 3127 1363 3229 paludis

263 3232 482 3327 transirent,
501 3255 590 3304 ecce
606 3231 951 3306 circumiacentium
969 3232 1139 3306 locorum
1158 3230 1280 3304 incole
1300 3253 1365 3328 pa·

263 3333 356 3408 riter
373 3331 587 3430 conglobati
605 3335 651 3406 ad
666 3357 834 3432 pugnam
850 3342 1044 3431 proruunb
1064 3334 1234 3407 volentes
1251 3330 1365 3429 capti·

264 3435 420 3509 vitatem
445 3434 617 3509 liberare.
651 3434 829 3509 Videntes
855 3434 968 3532 igitur
991 3433 1041 3507 hii
1069 3433 1130 3532 qui
1151 3442 1258 3506 erant
1277 3455 1363 3504 cum

264 3536 422 3631 Minue,
448 3558 490 3608 se
509 3535 695 3608 immensa
719 3535 956 3609 multitudiue
977 3535 1142 3609 bostium
1166 3532 1327 3607 circumi
1349 3574 1362 3587 ·

265 3662 330 3712 sos
357 3635 534 3733 viamque
561 3636 660 3708 ferro
686 3636 952 3734 aperiendam,
985 3634 1170 3710 adhortati
1204 3644 1292 3708 sunt
1320 3658 1362 3709 se

266 3750 409 3835 mutuo,
433 3735 598 3834 totisque
623 3735 762 3811 viribus
789 3737 898 3834 enisi,
924 3760 1077 3810 ornnem
1097 3734 1364 3810 obsistentium

267 3912 291 3985 1)
311 3909 418 3966 Briuui
440 3908 510 3964 circa
535 3905 677 3963 Pritzrrallr
702 3908 731 3962 iu
758 3918 828 3963 terra
847 3899 1003 3979 Harelberg
1026 3925 1048 3963 s.
1075 3905 1220 3979 Pricguitz,
1244 3925 1271 3963 r.
1291 3907 1362 3962 iulrs

264 4008 325 4064 cap.
343 3986 394 4051 863
413 3984 487 4041 llou.
507 3981 602 4039 Germ.
620 3980 653 4037 T.
669 3980 691 4048 Ι,
710 3999 771 4053 paq.
782 3982 851 4044 3093
872 3980 977 4048 Riedel,
997 3980 1041 4036 dio
1059 3980 1138 4036 blarlr
1156 3980 1366 4053 brandanburg.

263 4066 291 4136 2)
311 4060 464 4125 stoderani,
482 4058 510 4112 iu
530 4065 601 4111 terra
620 4053 772 4110 Harcllaud
793 4055 863 4110 iuxta
882 4053 975 4111 Albim
995 4054 1065 4109 iuter
1083 4053 1216 4110 Harolam
1236 4063 1263 4110 et
1283 4053 1362 4127 Rbyu

263 4137 369 4193 lluvior.
462 4128 548 4201 3)Ηί
572 4128 634 4184 Liui
653 4147 675 4183 a.
693 4127 811 4200 Liooges
839 4129 911 4184 idem
937 4129 1062 4183 videntur
1080 4146 1140 4183 erse
1158 4127 1289 4201 populus,
1316 4129 1365 4203 qui

264 4212 336 4283 apud
364 4205 461 4263 Adam.
484 4202 576 4259 Brcm.
595 4204 614 4258 Ι.
634 4201 671 4259 lt.
691 4220 715 4258 c.
737 4201 772 4257 18
798 4201 931 4273 Lingones
956 4200 1039 4257 audit.
1131 4201 1159 4276 4)
1178 4201 1310 4274 captivom
1336 4218 1363 4257 r.

263 4301 344 4358 supra
364 4301 387 4338 c.
407 4279 451 4335 35.
471 4278 508 4333 64
527 4296 567 4350 sq.
