3000 4900
179 432 427 506 HELMOLDI
441 432 685 506 CHRONICA
698 431 964 505 SLAVORUM.
992 432 1079 505 LIB.
1094 433 1120 504 1.
1160 432 1230 506 125

142 633 292 708 milibus
310 633 532 708 Sclavorum
549 633 696 707 fortiter
713 633 924 733 impugnati
942 644 1041 729 sunt7
1060 633 1134 706 illis
1153 633 1233 730 qui·

33 706 36 809 l
144 736 228 808 dem
253 735 450 808 victoriam
477 735 780 834 presumentibus
805 734 920 808 veluti
945 734 1147 831 indubiam,
1171 733 1232 805 his

32 856 34 895 ³
142 861 230 910 vero
250 860 496 934 suppremum
514 835 686 934 spiritum
703 861 830 934 pugne
851 835 1028 908 dilatione
1045 835 1231 908 redimen-

143 938 250 1008 tibus.
288 937 362 1009 Sed
389 961 475 1008 cum
499 936 669 1009 viderent
695 936 832 1032 Sclavi,
860 935 946 1032 quia
972 935 1129 1008 victoria
1155 935 1236 1007 non'

30 1054 32 1079 ³
144 1037 293 1109 cederet
311 1036 365 1108 eis
387 1037 593 1133 incruenta,
622 1036 846 1134 promittunt
863 1035 1088 1109 Fresonibus
1113 1036 1230 1109 vitam

29 1166 30 1171 ¹
144 1147 180 1210 et
197 1139 452 1210 membrorum
470 1137 737 1234 integritatem³
765 1137 794 1208 si
814 1136 1022 1210 munitione
1039 1135 1236 1248 progressi¹

144 1237 333 1311 dedissent
350 1262 465 1309 arma.
515 1238 704 1335 Ceperunt
722 1262 812 1335 ergo
828 1237 984 1349 'quidam
1003 1263 1049 1310 ex
1067 1237 1233 1311 obsessis

143 1349 320 1436 appetere
345 1338 455 1410 dedit'
430 1349 571 1411 tionem
599 1340 644 1437 ob
669 1363 777 1435 spem
801 1337 886 1410 vite.
937 1337 1040 1424 Quos
1069 1361 1232 1435 arguens

142 1438 370 1510 fortissimus
397 1440 593 1512 sacerdos:
632 1438 727 1528 Ouid
745 1445 809 1514 est.
798 1437 967 1610 inquiqJ
996 1437 1233 1534 ouiri7quod

144 1563 250 1634 apere
277 1539 407 1610 cultis?
440 1539 551 1611 Putat
496 1543 581 1611 tritis
611 1563 675 1611 cos
702 1538 884 1611 deditione
908 1541 960 1610 uit
960 1563 1020 1609 am
1045 1539 1232 1636 redimere,

144 1647 211 1711 aut
221 1640 392 1711 barbaris
404 1638 512 1728 fidem
526 1640 659 1711 inesse?
687 1641 720 1710 F
718 1640 933 1733 allimmi,
897 1642 967 1711 mri
980 1641 1231 1732 compatriote.

144 1740 267 1812 Stulta
282 1747 336 1812 est
350 1740 415 1812 hec
433 1743 566 1832 opinio.
618 1739 673 1812 An
690 1743 845 1833 nescitis,
872 1742 960 1835 quia
984 1743 1021 1811 in
1046 1742 1145 1812 omui
1167 1739 1233 1811 ad-

142 1864 316 1912 venarum
333 1865 460 1936 periere
478 1841 579 1933 apud
593 1840 745 1913 Sclauos
763 1841 865 1912 nulla
882 1863 969 1934 qens
985 1838 1234 1912 detestabilior
1319 1929 1322 1934 Ι

141 1941 283 2012 Fresisl
318 1939 417 2012 Sane
434 1944 524 2028 fetet
540 1944 590 2013 eis
608 1940 702 2012 odor
719 1949 851 2013 noster.
890 1941 1010 2030 Quare
1027 1943 1139 2036 iqitur
1156 1940 1233 2012 abi·

142 2045 223 2114 citls
240 2045 386 2113 animas
402 2049 553 2137 vestras,
576 2041 674 2114 ultro
687 2049 928 2135 properantes
953 2041 1005 2112 ad
1025 2042 1233 2113 interitum?

143 2143 331 2215 Contestor
347 2167 411 2214 vos
423 2166 493 2234 per
508 2142 636 2236 Deum,
663 2146 842 2230 factorem
870 2143 979 2238 orbis7
1007 2145 1065 2213 cui
1088 2149 1234 2214 nonest

142 2241 292 2331 difficile
307 2243 453 2315 salvare
470 2246 508 2314 in
517 2248 660 2339 paucis,
674 2250 717 2315 ut
731 2244 853 2314 adhuc
863 2242 1054 2336 paululum
1071 2246 1232 2335 emperia·

141 2346 231 2416 mini
255 2346 349 2415 uires
372 2351 512 2415 uestras
534 2350 569 2415 et
591 2348 790 2416 conseratis
808 2368 940 2416 manus
957 2368 1038 2414 cum
1055 2343 1230 2415 hostibus.

142 2442 328 2534 Quamdiu
342 2447 434 2517 enim
448 2444 545 2517 uallo
554 2444 622 2517 mc
637 2444 907 2541 circumdamur,
916 2469 1042 2517 sumus
1056 2468 1232 2517 manuum
1303 2451 1305 2463 '

138 2553 352 2618 nostrarum
378 2552 414 2616 et
436 2554 625 2618 armature
651 2554 851 2640 compotes,
884 2549 958 2617 uita
980 2546 1085 2618 nodis
1109 2548 1145 2618 in
1169 2570 1233 2638 spe

138 2649 214 2718 sita
233 2652 306 2740 cst5
332 2646 528 2718 inermibus
547 2671 630 2719 uero
645 2653 767 2740 preter
784 2648 1063 2742 ipnominiosam
1080 2653 1232 2718 mortem

138 2746 319 2843 reliquum
335 2746 445 2819 nichil
462 2754 524 2819 est.
559 2745 709 2819 Gladios
727 2750 838 2843 iqitur
856 2755 1006 2843 uestros,
1025 2770 1115 2843 quos
1133 2747 1230 2819 ultro

138 2847 210 2919 sili
223 2855 403 2943 adpetunt,
417 2850 566 2943 marpite
573 2851 680 2943 prius
693 2852 728 2920 in
743 2847 911 2920 medullis
926 2872 1062 2943 eorumj
1076 2854 1232 2920 etestote

139 2947 279 3020 ultores
309 2951 497 3044 sanquinis
533 2951 653 3021 uestri.
691 2950 882 3020 Hauriaut
896 2955 1043 3043 pastum
1074 2947 1232 3020 audacie
1333 3006 1335 3009 .

138 3055 267 3143 vestre,
285 3073 350 3120 uec
366 3052 520 3121 uictoria
538 3048 689 3121 redeant
705 3052 905 3122 incruenta.
945 3049 992 3121 Et
1005 3050 1075 3122 hec
1090 3049 1230 3145 dicens,

139 3149 305 3222 ostendit
319 3149 373 3222 eis
387 3149 670 3247 magnanimum
685 3150 870 3249 spiritum³
890 3149 1133 3246 obiectusque
1146 3174 1231 3248 por-

137 3250 187 3321 tis
206 3275 292 3321 curn
318 3275 391 3322 uno
417 3261 563 3322 tantum
588 3251 668 3323 viro
696 3252 864 3324 hostiurn
889 3276 1029 3324 cuneos
1053 3250 1231 3350 propulit,

138 3350 400 3448 percussitque
420 3352 465 3423 de
483 3375 595 3422 manu
622 3352 772 3450 propria
797 3353 989 3449 ingentem
1007 3351 1231 3424 Sclavorum

138 3476 350 3524 numerum.
390 3451 557 3523 Excusso
577 3452 736 3564 denique
765 3478 837 3525 uno
862 3453 971 3525 oculo
1000 3462 1037 3525 et
1059 3463 1231 3527 ventrem

138 3552 347 3650 perfossus
375 3552 490 3623 nichil
515 3552 710 3624 remissius
736 3554 813 3651 egit
835 3553 872 3627 in
897 3579 1036 3652 pugna³
1064 3553 1230 3627 divinum

138 3654 328 3749 quoddam
346 3655 491 3724 roburt
476 3662 555 3723 tam
574 3652 610 3724 in
630 3653 754 3726 animo
775 3680 887 3751 quam
915 3679 1130 3767 incorpore
1147 3679 1230 3752 pre·

136 3754 276 3826 ferens.
329 3752 502 3825 Nichilt
474 3763 502 3824 it
505 3778 601 3848 aque
619 3754 755 3828 melius
780 3781 801 3827 a
825 3754 1030 3827 notissimis
1049 3754 1123 3826 illis
1141 3754 1229 3827 filiis

66 3914 77 3925 ,
138 3852 293 3927 Sarvie1
320 3855 380 3927 vel
408 3880 429 3925 a
459 3854 674 3927 Machabeis
706 3856 894 3968 quondam
923 3865 1067 3953 pugnat
1071 3880 1133 3927 um
1160 3865 1229 3952 est
1280 3876 1281 3881 ’

137 3980 250 4050 quarn
270 3980 293 4026 a
311 3955 506 4028 sacerdote
525 3953 686 4029 Gerlavo
711 3955 874 4128 virisque
897 3955 1096 4054 perpaucis
1114 3956 1151 4027 in
1171 3981 1230 4027 ca-

138 4065 215 4135 stro
233 4054 356 4152 Susle,
372 4056 617 4129 defenderunt
602 4066 691 4152 tque
710 4056 830 4128 munit
832 4056 958 4131 ionem
977 4058 1021 4130 de
1040 4082 1154 4128 manu
1168 4081 1230 4129 va-

139 4280 164 4352 1)
183 4282 246 4335 loab
268 4292 295 4337 et
307 4282 416 4347 Abisai,
436 4282 547 4337 Doridis
567 4300 598 4337 ex
612 4301 703 4337 sorore
716 4290 837 4353 nepotes.
856 4282 883 4337 2.
894 4279 967 4337 Sam.
982 4300 1006 4337 o.
1020 4283 1060 4348 14,
1084 4283 1096 4335 1
1113 4293 1140 4339 et
1152 4284 1228 4348 16,9.
