3000 4900
142 399 637 489 autmottttcttttomea
656 412 923 487 SLAVORUM.
970 414 1055 527 [ΑΒ.
1074 414 1115 487 11.
1168 416 1241 491 215
1287 444 1291 453 ·

6 659 7 666 κ
108 666 112 673 -
140 615 219 687 iam
238 614 424 691 aChristo
437 624 611 688 vocatum
624 613 787 709 videres,
807 613 869 711 qui
880 614 1043 711 fungens
1054 614 1137 697 vice
1155 639 1243 711 apo·
1282 658 1284 663 ·

141 714 230 788 stoli
241 724 397 811 gentem
410 718 542 789 rudem
558 725 596 788 et
609 713 759 789 beluina
770 714 873 789 rabie
885 715 1240 813 sevientempartim

144 816 399 914 predicatione
419 815 584 911 assidua,
602 814 739 914 partim
750 814 862 891 minis
874 818 920 895 ab
931 815 1058 899 innata
1074 815 1143 890 sibi
1157 816 1243 889 teri-

104 964 107 970 ·
144 926 221 989 tate
244 919 290 989 ad
313 940 412 989 nove
431 916 729 992 conversationis
748 915 971 1013 religionem
990 920 1242 991 convertebat.

218 1016 273 1089 De
293 1015 397 1089 omni
416 1017 518 1091 enim
534 1016 687 1089 natione
706 1016 942 1113 Sclavorum,
969 1041 1042 1115 que
1069 1016 1244 1091 dividitur

145 1117 183 1188 in
201 1117 415 1214 provincias
436 1128 473 1191 et
491 1118 734 1215 principatus,
762 1117 842 1192 sola
861 1117 1118 1215 Rugianorum
1145 1141 1241 1213 gens

144 1217 271 1291 durior
289 1217 426 1291 ceteris
441 1218 478 1291 in
493 1219 658 1293 tenebris
672 1216 901 1293 infidelitatis
917 1240 1037 1316 usque
1052 1220 1098 1292 ad
1112 1228 1241 1291 nostra

143 1328 315 1415 tempora
338 1320 568 1417 perduravit
589 1318 764 1393 omuibus
788 1318 1060 1395 inaccessibilis
1087 1329 1243 1417 propter
1275 1344 1276 1347 ¹

144 1419 259 1493 maris
287 1419 602 1494 circumjacentia.
643 1420 783 1493 Tenuis
811 1430 939 1493 autem
958 1420 1059 1493 fama
1078 1442 1242 1494 comme·

142 1531 278 1615 morat,
295 1519 548 1616 Lodewicum,
574 1519 699 1592 Karoli
717 1518 836 1597 filium
850 1519 878 1617 ¹,
902 1519 990 1593 olim
1009 1530 1149 1593 terram
1169 1518 1239 1593 Ru·

143 1618 342 1715 gianorum
371 1620 553 1695 obtulisse
580 1624 689 1695 beato
710 1621 791 1693 Vito
816 1620 853 1695 in
883 1620 1052 1716 Cortum,
1079 1644 1123 1695 eo
1143 1622 1241 1717 quod

141 1718 227 1815 ipse
252 1722 427 1795 fundator
461 1721 625 1795 extiterit
652 1721 797 1793 cenobii
823 1721 951 1809 itlius„
977 1721 1067 1795 lnde
1093 1720 1241 1818 egressi

141 1821 398 1917 predicatores
427 1832 582 1919 gentem
601 1822 859 1918 Rugianorum
880 1821 960 1895 sive
983 1820 1176 1895 Ranorum
1195 1822 1241 1893 ad

142 1918 257 2003 ¹tidem
282 1922 515 1996 convertisse
542 1923 724 2016 feruntur,
752 1921 902 2019 illicque
929 1921 1132 1995 oratorium
1159 1922 1240 1995 fun·

142 2023 257 2094 dasse
276 2021 313 2093 in
332 2024 476 2095 honore
485 2024 556 2095 Viti
576 2023 765 2117 martyris³
781 2023 887 2096 cuius
907 2020 1141 2095 venerationi
1158 2045 1241 2119 pro·

141 2120 264 2193 vincia
278 2124 490 2220 consignita
507 2134 576 2198 est,
605 2124 849 2196 Postmodum
869 2147 959 2195 vero
976 2120 1037 2195 ubi
1051 2122 1159 2218 Rani,
1178 2121 1241 2221 qui

141 2232 178 2292 et
189 2222 363 2319 Rugiani‚
379 2224 531 2297 mutatis
549 2228 661 2297 rebus
680 2248 701 2296 a
717 2224 802 2296 luce
818 2223 985 2298 veritatis
1005 2227 1240 2318 aberrarunt⁷

141 2322 263 2396 factus
285 2334 344 2397 est
362 2348 467 2397 error
484 2324 591 2422 peior
607 2324 733 2421 priore
744 2323 772 2415 ²,
800 2348 886 2397 nam
908 2333 1082 2397 sanctum
1103 2324 1241 2418 Vitum‚

141 2446 255 2518 quem
274 2448 344 2498 nos
364 2448 518 2500 servum
540 2424 609 2499 Dei
629 2422 865 2520 confitemur,
884 2422 978 2498 Rani
1000 2448 1066 2522 pro
1088 2426 1158 2498 deo
1175 2447 1241 2498 co-

141 2523 220 2596 lere
244 2537 439 2622 ceperunt,
463 2524 653 2622 fingentes
675 2525 709 2598 ei
728 2525 998 2598 simulachrum
1018 2524 1240 2621 marimum⁷

141 2634 179 2696 et
198 2627 412 2698 servierunt
438 2637 611 2699 creature
630 2628 753 2724 potius
774 2650 888 2723 quam
907 2625 1067 2699 creatori
1077 2623 1101 2697 ³.
1135 2627 1239 2700 Adeo

141 2735 268 2798 autem
287 2726 360 2800 hec
379 2727 596 2824 superstitio
615 2729 712 2826 apud
732 2727 859 2799 Ranos
879 2726 1047 2822 invaluit,
1066 2735 1105 2798 ut
1119 2727 1239 2800 Zvan·
1277 2812 1281 2820 .

142 2825 234 2898 tevit
268 2829 360 2900 deus
394 2838 494 2900 terre
522 2827 776 2924 Rugianorum
809 2827 906 2899 inter
930 2827 1057 2899 omnia
1084 2825 1239 2900 numina

140 2924 361 3000 Solavorum
388 2929 590 3026 primatum
610 2926 824 3024 obtinuerit,
852 2927 987 3000 clarior
1003 2926 1039 2999 in
1060 2927 1239 3023 victoriis,

142 3023 333 3100 efficacior
366 3028 405 3102 in
424 3027 640 3126 responsis.
690 3030 795 3101 Unde
822 3027 935 3102 etiam
960 3038 1089 3101 nostra
1117 3029 1239 3102 adhuc

142 3136 241 3198 etate
254 3152 327 3199 non
346 3129 469 3202 solum
481 3128 715 3226 Wagireusis
727 3138 840 3226 terra,
854 3131 921 3202 sed
937 3140 974 3202 et
988 3152 1123 3216 omnes
1138 3129 1239 3204 Scla-

141 3249 276 3300 vorum
297 3229 502 3327 provincie5
526 3230 614 3303 illuc
630 3229 777 3302 tributa
796 3229 990 3302 annuatim
1010 3230 1238 3304 transmitte-

141 3330 243 3423 bant,
260 3328 364 3402 iilum
380 3332 493 3404 deum
509 3333 663 3404 deorum
680 3352 768 3402 esse
783 3330 1014 3427 profitentes.
1047 3332 1126 3404 Rex
1139 3334 1239 3429 apud
1255 3343 1258 3350 '

141 3451 209 3499 eos
230 3429 376 3504 modice
395 3430 645 3505 estimationis
665 3440 725 3503 est
743 3430 1024 3528 comparatione
1038 3429 1202 3504 flaminis
1212 3429 1237 3503 ⁴.

141 3527 207 3600 ille
233 3529 333 3602 enim
354 3555 539 3630 responsa
563 3529 743 3630 perquirit
762 3540 800 3603 et
819 3541 978 3604 eventus
999 3532 1157 3604 sortium
1177 3555 1238 3606 ex-

144 3745 169 3814 i)
189 3743 269 3802 Cori.
288 3764 368 3818 supra
394 3747 413 3800 l.
433 3746 455 3802 1.
476 3766 499 3802 c.
520 3749 546 3801 6.
572 3746 673 3803 Arnai.
699 3744 807 3803 Corbei.
827 3746 859 3803 Τ.
879 3746 927 3802 ΙΙΙ.
949 3766 974 3802 a.
992 3747 1062 3802 844:
1100 3749 1239 3806 tortarius

141 3819 215 3889 (sict)
234 3835 286 3876 rec
294 3821 474 3890 Ruptuccnrcc
491 3822 586 3877 Stuoor
605 3824 722 3877 devictos
741 3828 769 3878 et
785 3836 848 3892 repe
867 3825 983 3890 ipsorum
996 3827 1131 3892 perempto
1147 3821 1239 3878 Gesti-

142 3894 212 3946 mato
236 3895 347 3948 tradidit
369 3909 436 3948 succ
453 3909 540 3949 nocue
558 3893 696 3949 corveiae.
731 3893 811 3949 Cout.
830 3911 901 3966 quae
919 3895 953 3948 ad
973 3911 998 3948 a.
1017 3892 1082 3950 844.
1102 3893 1237 3949 Rudoltus

142 3963 285 4019 Fuideuais
309 3975 336 4020 et
360 3967 432 4023 Anu.
454 3965 573 4020 Xanten.
599 3968 634 4021 dc
660 3964 838 4021 Gotzomiuzli
863 3967 1058 4022 Abodritorum
1085 3984 1161 4039 rege,
1189 3985 1237 4022 scu

143 4035 267 4093 Gortimo
287 4037 470 4094 Winithorum
498 4057 563 4111 rege
581 4057 597 4094 a
616 4038 762 4104 ludevico,
786 4037 915 4095 Luderici
935 4039 978 4094 Pii
997 4040 1062 4104 filio,
1089 4041 1158 4094 ricto
1178 4049 1238 4098 tra-

144 4113 221 4165 dunt.
302 4111 329 4183 2)
349 4111 520 4183 error'pet'or
536 4115 636 4182 priore.
665 4109 717 4167 Er.
737 4110 833 4169 Muth.
852 4133 876 4169 c.
895 4113 940 4166 27.
959 4132 984 4168 v.
1004 4113 1049 4166 64.
1132 4113 1158 4185 3)
1179 4113 1246 4168 Num

143 4183 174 4237 S.
199 4183 279 4238 Vitam
299 4224 307 4239 .
329 4221 337 4237 .
356 4224 364 4239 .
384 4190 509 4242 creatori.
554 4185 653 4240 liade·
682 4186 741 4240 tere
767 4187 855 4241 verbis
882 4190 915 4242 dc
942 4205 971 4241 re
991 4189 1086 4241 eadem
1106 4187 1162 4240 iam
1181 4203 1246 4240 usus

145 4264 186 4309 est
201 4265 292 4311 noster
311 4274 392 4328 supra
412 4258 430 4313 Ι.
451 4258 472 4314 Ι.
491 4278 516 4314 c.
535 4259 562 4316 6.
649 4257 678 4332 4)
695 4260 756 4314 Res
775 4290 809 4300 —
826 4258 950 4329 fluminis.
989 4259 1028 4316 lta
1049 4268 1076 4314 et
1094 4260 1112 4314 Ι.
1133 4259 1155 4315 1.
1174 4277 1198 4318 c.
1218 4261 1246 4314 6.
