3000 4900
179 494 425 569 HELMOLDI
443 495 683 571 CHRONICA
702 495 969 570 SLAVORUM.
996 495 1082 569 LlB.
1101 495 1128 568 l.
1181 495 1229 568 75

131 705 385 798 cognomento
410 697 557 771 Ursurn.
603 697 728 770 Altera
754 721 844 770 vero
871 694 1230 793 fitia1·um‚w1tildis

132 796 299 894 nomine,
326 798 411 870 date
438 807 498 870 est
522 797 607 870 duci
631 797 799 872 bawarie
818 798 963 896 Catulo,
990 820 1062 896 que
1085 797 1233 896 peperit

131 899 167 970 ei
186 896 402 970 Heinricum
422 896 625 971 Leonemt
657 899 827 972 Luderus
846 909 973 972 autern
992 899 1150 972 obtinuit
1167 902 1232 971 du·

131 1009 258 1072 catum
294 998 457 1072 Saxonie
494 1000 791 1096 et'gubernsvit
827 1023 913 1074 curn
942 997 1124 1073 modestia
1152 1009 1230 1071 tarn

130 1099 289 1174 Solavos
309 1123 421 1197 quarn
441 1098 624 1173 Saxones.

206 1199 350 1273 Accidit
365 1211 494 1274 autern
513 1199 550 1273 in
569 1200 699 1274 diebus
717 1197 828 1298 illis²⁷
856 1211 896 1274 ut
913 1199 1112 1274 latrunculi
1129 1198 1324 1275 Sole-tlro.

132 1323 267 1373 vorum
291 1300 465 1375 venirent
492 1301 528 1374 in
549 1300 798 1375 Sturrnariorn
824 1311 862 1374 et
879 1303 1054 1376 tollerent
1078 1303 1233 1402 predam

132 1403 181 1474 de
205 1401 383 1476 iumentis
411 1400 477 1475 et³
495 1401 689 1502 captiones
716 1399 942 1475 hominum⁴
969 1427 1085 1502 prope
1107 1402 1234 1476 civita·

132 1511 212 1575 tem
230 1502 539 1600 Hammemburg.
564 1505 619 1576 Ad
638 1527 771 1577 vocem
791 1512 918 1576 autern
940 1501 1137 1578 clamoris⁶
1154 1527 1234 1576 sur·

133 1601 231 1676 rexit
249 1625 378 1677 comes
396 1603 589 1702 provincie
607 1603 705 1678 illius
722 1604 948 1678 Godelridus
968 1629 1052 1679 curn
1068 1604 1234 1702 aliquan·

133 1703 182 1776 tis
203 1702 339 1776 civium
357 1707 403 1778 de
421 1705 733 1803 Hammemburg,
753 1715 791 1778 et
809 1716 1032 1804 persecutus
1054 1705 1235 1799 estlatro-¹

134 1827 217 1878 nes.
254 1804 430 1878 Sentiens
450 1815 578 1879 autern
607 1805 693 1906 quis
715 1805 821 1880 multi
851 1816 958 1904 sunt,
984 1805 1150 1882 substitit
1170 1805 1235 1878 ali-

136 1905 367 2004 quantisper,
385 1907 507 1980 donec
523 1906 669 1980 veniret
688 1907 722 1980 ei
740 1907 1062 1982 maiusauxilium.
1089 1909 1234 1980 Preter-

135 2004 219 2077 iens
238 2005 351 2102 igitur
369 2006 533 2081 rusticus
550 2007 715 2121 quidem,
733 2008 840 2082 cuius
857 2032 950 2081 uxor
966 2020 1003 2083 et
1015 2007 1081 2081 filii
1099 2006 1234 2105 captivi

136 2107 381 2203 ducebantur,
402 2107 588 2205 increpurt
611 2109 789 2182 comiteur
817 2109 966 2184 dicens:
1009 2107 1104 2200 Quid
1127 2109 1234 2201 trepi-

136 2203 221 2302 dus,
239 2230 261 2279 o
280 2209 442 2281 uirorum
458 2206 654 2282 vilissime?
670 2208 782 2282 habes
800 2234 865 2283 cor
883 2210 1067 2308 muliebre,
1093 2233 1166 2284 nou
1184 2211 1235 2281 vi·

136 2304 227 2378 rile!
268 2307 370 2381 Certe
393 2311 426 2382 si
448 2307 589 2382 uideres
614 2333 766 2384 uxorem
792 2318 896 2384 tuum
921 2318 957 2384 et
980 2311 1075 2402 filios
1100 2309 1235 2383 obduci

136 2409 234 2481 sieut
256 2432 366 2506 meos,
391 2432 465 2484 uon
481 2410 707 2485 subsisteres.
743 2411 921 2510 Propero,
943 2415 1091 2510 festino,
1118 2411 1235 2484 libera

137 2512 399 2607 captivitates,
425 2513 457 2583 si
475 2510 521 2583 de
537 2519 657 2586 cetero
681 2516 719 2586 in
736 2519 838 2586 terra
861 2512 1039 2587 honorari
1055 2510 1237 2587 volueris!

138 2603 206 2682 llis
232 2611 357 2685 verbis
390 2612 555 2687 irritatus
589 2638 720 2689 comes
747 2614 836 2689 abiit
860 2615 1041 2690 velociter
1069 2636 1235 2712 sequens
1298 2615 1299 2618 ’

138 2710 283 2785 hostes.
325 2714 373 2785 At
396 2712 448 2785 illi
472 2726 680 2812 posuerant
704 2725 790 2815 post
815 2740 858 2791 se
885 2716 1059 2813 insidias,
1088 2725 1236 2788 etcum

138 2811 339 2909 preteriret
357 2836 486 2886 comes
506 2838 592 2888 curn
611 2818 756 2914 paucis,
775 2829 1019 2892 surrexerunt
1037 2815 1171 2890 insidis
1191 2816 1236 2886 de

138 2912 232 2987 locis
252 2914 331 2987 suis
346 2928 691 3015 percusseruntque
711 2918 916 2993 comiteml
935 2930 1068 2993 etcum
1081 2917 1236 2991 eoviros

139 3014 248 3112 quasi
272 3014 416 3112 viginti.
444 3026 481 3088 et
505 3016 678 3092 abierunt
695 3020 753 3093 via
774 3021 864 3093 suo⁷
884 3044 969 3094 curn
988 3022 1104 3120 preda
1123 3040 1252 3117 quani

139 3125 355 3213 rapuerant.
392 3115 647 3192 Provincieles
672 3130 800 3193 autern
828 3121 969 3221 pariter
991 3122 1237 3218 insequentes

140 3214 367 3291 invenerunt
401 3216 577 3291 comitem
604 3218 864 3320 interfectum
902 3236 1014 3323 ceput
1037 3247 1127 3297 vero
1156 3219 1238 3295 eius

142 3338 218 3389 non
236 3328 472 3417 repererunt,
492 3342 538 3391 eo
555 3323 654 3418 quod
668 3324 865 3397 desectum
875 3324 1094 3399 Sclaviillud
1107 3343 1240 3398 secum

141 3417 348 3492 duxissent.
367 3419 474 3506 Quod
486 3424 727 3518 postmodum
736 3425 989 3524 multoprecio
1000 3427 1240 3522 redemptum

142 3516 178 3590 in
199 3518 329 3616 patriis
348 3520 581 3595 reconditum
601 3534 661 3596 est
679 3526 902 3623 sepulchris.

219 3622 277 3693 36.
302 3618 358 3692 De
374 3622 624 3708 interfectione
640 3624 905 3721 Rupiuuorum.
959 3628 1155 3703 Comitium
1177 3650 1240 3697 va·

143 3730 295 3794 cantem
313 3721 415 3795 dedit
430 3722 599 3797 Luderus
619 3727 692 3798 dux
711 3727 823 3801 nobili
842 3728 921 3803 viro
935 3729 1066 3801 Adolfo
1085 3731 1131 3802 de
1150 3728 1240 3802 Sco·

144 3920 169 3992 l)
189 3918 383 3993 Genealogirnr
401 3924 472 3979 bono
491 3925 573 3982 babet
590 3927 662 3984 Anu.
681 3926 753 3982 Saxo
774 3929 799 3982 b.
820 3945 845 3984 a.
932 3927 960 3999 2)
981 3926 1060 3983 conr.
1079 3927 1151 3984 Ano.
1172 3928 1240 3983 llil-

143 3993 265 4051 desbem.
283 4014 309 4049 a.
321 3994 402 4052 11¹0.
475 3998 501 4069 3)
521 4000 699 4056 seducerent.
773 4000 799 4071 4)
818 4002 836 4059 i.
847 4019 872 4057 e.
891 4020 922 4057 ce
943 4001 1020 4067 tirus,
1039 4001 1111 4057 conl.
1125 4018 1183 4072 cop.
1193 4002 1240 4059 37.

143 4068 169 4140 5)
194 4068 251 4123 Vox
269 4071 400 4138 οἱαηιονὶε,
419 4068 546 4128 lercmirs
564 4072 592 4140 8,
603 4072 661 4138 .¹o;
679 4073 725 4139 25,
742 4073 789 4129 36.
863 4074 890 4147 6)
911 4021 1051 4132 {doust
1070 4072 1240 4131 llildesbem.

142 4160 168 4198 s.
190 4140 275 4205 ttto;
299 4141 399 4199 Aouol.
424 4142 486 4200 Sex.
510 4149 608 4202 eodem
633 4164 718 4201 sono:
765 4148 898 4205 Occiditur
923 4148 1083 4219 Godesridur
1102 4163 1189 4205 comer
1209 4152 1242 4206 dr

142 4216 345 4271 Hammuburcd.
393 4215 426 4272 V.
447 4220 528 4274 etiem
554 4217 661 4275 Neorol.
689 4220 844 4291 Luoeburg.
878 4231 905 4277 et
931 4220 1094 4278 Mollenbec.
1112 4222 1139 4279 4.
1170 4219 1240 4279 Non.

141 4285 243 4343 Norbr.
270 4298 297 4343 et
316 4287 467 4362 [lemburg.
496 4291 529 4349 U.
548 4292 581 4349 Β,
600 4292 633 4349 Τ.
655 4292 675 4360 Ι,
701 4312 728 4365 p.
749 4294 802 4357 117
827 4303 855 4349 et
880 4311 951 4368 quae
975 4295 1067 4350 uotrri
1092 4294 1195 4351 ibidem
1215 4304 1241 4352 et

141 4379 168 4431 p.
187 4359 252 4419 8⁰6.
292 4362 318 4436 7)
337 4365 413 4420 obire
431 4369 475 4421 or'u
493 4382 552 4423 suo.
592 4364 808 4423 Germanismus:
824 4372 917 4425 runco
940 4366 1000 4441 Wey
1018 4370 1111 4441 peden.
