3000 4900
145 414 395 543 nsunouur
415 469 659 544 cunonrca
678 466 945 544 servorun.
972 467 1060 543 tur.
1076 469 1102 542 r.
1155 472 1204 546 25

112 668 178 724 Nam
193 669 301 736 boemi,
319 669 428 734 Surabi,
449 668 510 724 Sosi
531 680 557 725 et
576 671 657 725 ceteri
672 668 770 730 Solari,
789 687 857 742 quos
876 671 934 741 ipse
952 670 1058 724 tributis
1076 669 1206 724 subiece-

112 748 186 808 ratl,
208 753 288 796 tune
308 745 499 798 servitutis
519 747 632 812 iugum
653 752 893 798 excusserunt.
929 742 1005 796 Tunc
1021 744 1102 798 etiam
1115 739 1206 796 Saxo-

112 819 154 868 nie
176 825 276 870 vastata
297 825 336 869 est
355 835 368 868 a
384 815 575 871 Northmannis
595 817 650 869 sire
664 815 758 870 Danis.
787 815 880 870 llruuo
896 818 949 868 dux
968 816 1072 869 occisus
1091 824 1131 869 est
1143 832 1205 868 cum

112 891 255 942 duodecim
276 890 431 952 comitibus,
457 887 641 943 Theodericus
661 899 688 943 et
706 887 885 959 Marquerdus
903 889 1022 959 episcopi
1040 889 1204 944 obtruncati.

111 959 189 1016 Tunc
210 961 301 1014 Fresia
317 961 491 1032 depopulata,
510 960 663 1016 Traiectum
684 962 777 1015 civitas
797 963 894 1017 excisa.
929 961 1006 1015 Tunc
1025 959 1207 1030 pirateColo-

111 1036 183 1088 niam
198 1044 224 1088 et
233 1032 365 1088 Treveros
378 1036 613 1098 incenderunt,
637 1032 801 1105 Aquisgraui
825 1034 952 1106 palatium
973 1034 1108 1087 stabulum
1128 1033 1224 1104 equis¹

111 1109 165 1160 suis
186 1107 318 1161 lecerunt.
350 1106 488 1176 Mogontia
513 1117 620 1177 propter
636 1117 735 1161 metum
753 1108 928 1161 barbarorum
946 1107 1089 1161 instaurari
1107 1107 1204 1176 cepit².

111 1181 274 1253 Karalus
303 1182 535 1276 adolescens7
566 1180 887 1277 anastodeinai,
920 1181 1001 1279 ipso
1032 1191 1206 1278 tempore

111 1281 232 1354 Roma
259 1281 419 1375 rediens⁷
456 1306 542 1354 curn
568 1280 700 1380 grandi
732 1281 898 1354 exercitu
925 1282 1205 1354 Northmannos

19 1465 20 1470 ,
110 1381 216 1454 iuxta
233 1382 380 1453 Mosam
404 1379 558 1454 lluvium
578 1381 834 1479 apprehendit.
884 1381 988 1469 Quos
1012 1380 1206 1454 obsidione

111 1492 310 1555 coarctans
334 1481 609 1578 quintodecimo
638 1482 789 1556 tandem
818 1481 876 1556 die
905 1481 950 1554 ad
978 1481 1205 1554 deditionem

19 1585 20 1610 ³
111 1583 306 1680 compulit.
344 1583 484 1681 Captos
504 1582 617 1680 igitur
635 1593 815 1678 tyrannos
834 1583 1026 1654 Danorum
1053 1606 1129 1653 non
1148 1605 1205 1677 ea,

111 1709 185 1780 qua
213 1683 348 1778 decuit,
371 1683 500 1756 hostes
526 1682 595 1756 Dei
616 1683 817 1756 severitate
844 1684 944 1755 ultus
971 1692 1041 1780 est,
1069 1683 1134 1755 sed
1160 1682 1206 1755 ad

19 1799 20 1802 ’
111 1783 296 1856 diutinam
321 1781 591 1857 deiectionem³
618 1794 656 1856 et
681 1809 837 1882 gravem
864 1782 1024 1857 ecclesie
1058 1782 1205 1855 ruinam

110 1908 273 1982 parcens
291 1883 428 1982 impiis,
444 1894 598 1982 accepto
619 1886 664 1956 ab
685 1883 738 1957 eis
759 1883 996 1955 iureiurando
1017 1893 1054 1956 et
1068 1881 1206 1956 federis

19 1991 20 1996 ’
112 1984 340 2074 conditione7
361 1984 594 2082 amplissime
617 1985 775 2057 donatos
791 2010 825 2060 ‚a
843 2008 884 2057 se
904 1984 1006 2057 abire
1025 1982 1206 2081 permisit.

19 2155 20 2158 ,
110 2086 159 2156 ΑΙ
177 2085 232 2157 illi
251 2084 351 2182 regis
373 2085 622 2158 adolescentis
641 2085 815 2157 inertiam
832 2083 1042 2181 irridentes
1061 2083 1124 2155 ubi
1144 2108 1208 2155 no-

19 2233 27 2258 „
111 2186 172 2257 xia
198 2185 369 2258 libertate
383 2184 491 2284 potiti
510 2196 609 2280 sunt,
629 2209 779 2258 rursum
801 2184 837 2256 in
857 2210 973 2257 unum
993 2183 1209 2283 conglobati

19 2295 20 2346 ἒ
111 2296 237 2358 tantas
257 2296 403 2384 strages
423 2287 615 2383 dederunt7
631 2297 673 2358 ut
691 2285 892 2360 crudelitas
908 2286 1061 2359 modurn
1082 2308 1209 2358 exces-

19 2427 20 2457 ι
112 2387 216 2460 serll.
256 2402 336 2470 Quid
354 2403 457 2459 multa?
483 2405 564 2459 urbes
584 2423 644 2459 curn
671 2405 790 2470 civibus,
815 2405 935 2477 episcopi
961 2421 1022 2458 cum
1050 2412 1106 2458 toto
1129 2420 1211 2474 grege

19 2490 20 2499 ’
112 2486 194 2539 sirnul
214 2488 302 2541 obruti
322 2498 399 2550 sunt,
420 2488 533 2542 ecclesie
558 2487 676 2541 illustres
696 2504 756 2540 cum
783 2487 929 2541 fidelium
949 2495 1090 2540 caterva
1110 2486 1210 2539 simul

114 2578 329 2632 recessesunt.
368 2561 622 2649 Quamobrem
641 2560 803 2633 Karolus
829 2572 1028 2634 accusatus
1048 2559 1210 2633 incuria

115 2672 151 2734 el
169 2663 219 2732 Ol)
239 2662 435 2735 stultitiam
456 2697 538 2747 regno
559 2680 703 2749 depositus,
722 2677 886 2743 Amulium,
909 2677 1029 2747 germani
1053 2677 1095 2731 s‘ui
1114 2677 1211 2741 filium,

20 2798 22 2805 ,
115 2777 222 2848 aceepit
243 2768 453 2832 successerint
471 2760 543 2849 Qui
567 2772 799 2859 congregato
815 2760 980 2836 exercitu
1006 2759 1102 2834 fines
1120 2760 1213 2833 adiit

114 2858 272 2923 Donatum,
296 2878 398 2931 eosque
418 2860 509 2914 multis
533 2861 711 2931 gravibusque
730 2861 822 2930 preliis
841 2864 874 2915 ad
895 2861 1103 2915 internecionem
1125 2878 1213 2931 usque

114 2933 227 2987 delerit.
246 2972 248 2978 ι
265 2932 372 2987 Bellum
393 2934 488 2987 celitus
507 2934 718 2987 administratum
738 2942 803 2997 est,
822 2934 955 3006 siquidem
974 2943 1082 2987 centum
1103 2932 1212 2986 milibus

114 3023 279 3075 paganorum
300 3008 438 3077 prostratis
459 3008 485 3059 iu
505 3008 586 3070 bello,
610 3008 652 3059 rix
673 3024 742 3059 uuus
762 3010 796 3060 de
815 3007 948 3060 cristianis
968 3006 1097 3060 cecidisse
1116 3023 1212 3076 reper-

20 3070 21 3119 ]
115 3088 156 3133 tus
190 3087 239 3133 est.
282 3078 317 3133 Et
348 3081 384 3133 ita
410 3080 536 3133 extincta
562 3089 602 3134 est
633 3080 783 3149 persecutio
809 3077 1068 3142 Northmsuuorum‚
1093 3077 1212 3132 Domino

116 3152 272 3206 vindicante
290 3154 447 3222 sanguinem
468 3170 577 3206 errorum
604 3170 756 3216 serrorum,
781 3152 827 3224 qui
854 3154 907 3205 iam
928 3169 975 3223 per
994 3169 1078 3205 annos
1097 3161 1212 3222 septua-

116 3242 190 3311 ginta
211 3242 315 3297 effusus
335 3247 401 3298 esu.
438 3227 517 3300 Hec
545 3236 671 3300 autern
699 3237 785 3299 aeta
810 3237 898 3299 sunt
914 3237 1086 3324 tempore
1100 3226 1212 3300 Adel·
1323 3243 1325 3247 “

117 3324 215 3424 gerii
241 3326 526 3425 archiepiscopi7
555 3326 617 3424 qui
643 3326 713 3399 fuit
740 3350 940 3400 successor
963 3326 1062 3400 beati
1091 3325 1215 3401 Reim-

21 3516 22 3523 .
117 3426 215 3500 berti
241 3438 278 3499 et
294 3428 427 3501 tertius
448 3454 469 3502 a
488 3431 597 3501 beato
616 3426 809 3500 Anscario.
849 3427 1034 3500 Defuncto
1053 3427 1214 3525 Adelga·

21 3550 22 3617 j
117 3527 188 3624 rio⁷
215 3528 399 3601 successit
425 3529 459 3602 ei
477 3529 651 3625 Hogcrus
676 3528 714 3599 iu
741 3528 978 3623 cathedram3
1004 3528 1214 3626 posthunc

21 3696 22 3699 ,
118 3628 372 3701 Reinwardus
409 3628 450 3699 ln
468 3653 602 3727 regum
622 3651 770 3725 quoque
789 3628 1029 3702 successione
1047 3638 1136 3727 post
1147 3632 1215 3701 Ar·

21 3732 22 3811 Q
119 3729 268 3801 nulfum
285 3728 457 3827 regnavit
474 3728 691 3802 Lodewicus
710 3752 816 3827 puer.
854 3746 884 3799 tn
903 3747 955 3800 tuo
975 3744 1118 3801 toaewtco
1139 3744 1213 3801 tta-

21 3934 23 3981 l
123 3946 147 4016 1)
167 3945 469 4003 Noster-subiecerat
493 3966 525 4001 ex
548 3946 648 4002 Adoni
673 3947 691 4001 Ι.
711 3944 732 4006 Ι,
758 3966 817 4018 cap.
835 3946 881 4000 to.
912 3922 1049 4018 paulisper
1072 3953 1214 4000 mutatum.

21 4040 22 4077 1
120 4019 147 4087 2)
168 4020 238 4074 Tunc
255 4021 499 4090 Souania—cepit
516 4031 578 4075 suut
596 4022 676 4074 rerba
690 4021 790 4076 Adami
809 4020 828 4073 l.
847 4018 869 4073 l.
889 4037 913 4073 c.
926 4019 971 4073 40.
1028 4018 1055 4091 3)
1073 4018 1092 4073 i.
1106 4036 1131 4073 e.
1151 4019 1216 4087 glo·-

21 4092 22 4125 .
122 4092 178 4145 riae
196 4091 387 4162 privationem
407 4095 456 4146 clr.
477 4094 545 4147 iulra
566 4092 880 4156 0.21.32;Arn01a.t.
900 4090 935 4146 ll.
955 4110 979 4145 o.
991 4092 1019 4145 2.
1100 4090 1127 4161 4)
1147 4092 1223 4153 Ouid·

121 4168 245 4219 multo-
257 4170 363 4223 incense
380 4172 443 4223 sunt
460 4176 523 4220 sunt
541 4169 621 4221 rerba
639 4165 739 4222 Adurni
760 4166 776 4219 Ι.
788 4166 806 4219 Ι.
913 4165 940 4236 5)
960 4163 1017 4220 Cir.
1036 4162 1133 4217 Adam.
1153 4164 1174 4218 Ι.
1193 4163 1215 4221 Ι.

122 4256 182 4307 cap.
202 4237 239 4289 42
251 4238 270 4293 Ι.
381 4240 407 4313 6)
427 4240 564 4297 Dacorum
584 4270 616 4281 -
637 4239 742 4310 essaeus
770 4245 812 4294 est
840 4248 902 4293 suut
930 4238 1011 4292 verba
1037 4236 1135 4292 Adami
1160 4237 1179 4291 1.
1193 4236 1215 4293 Ι.

22 4334 23 4339 ’
123 4328 182 4381 cap.
196 4311 241 4365 49.
