3000 4900
144 417 390 493 babucum
408 414 651 492 CHRONICA
669 412 938 488 SLAVORUM.
965 409 1093 485 LlB..l
1149 412 1222 485 153

123 618 308 713 valebitis,
333 616 395 715 qui
421 616 567 714 primus
594 614 632 688 in
653 614 803 688 civitate
829 624 959 687 vestra
986 636 1084 687 nova
1105 610 1224 685 erexit

121 717 313 817 lapidem
302 742 339 791 rn
358 717 522 813 titulum,
541 718 703 790 fundens
722 717 849 789 oleum
868 714 1065 813 desuper¹

197 823 257 895 79
274 817 329 890 De
339 816 790 912 GeroldoAldenburpenst
800 840 979 910 episcopo
1001 818 1091 892 Post
1102 829 1223 892 trans·

123 921 216 994 itum
232 917 387 991 Vicelini
405 918 574 1016 episcopi
596 918 733 991 fratres
747 921 796 990 de
809 916 963 991 Faldera
981 930 1226 993 recesserunt

124 1046 145 1094 a
165 1018 398 1094 subiectione
411 1018 735 1133 Aldenburgensis
759 1017 1001 1117 episcopatus
1021 1024 1067 1093 ob
1086 1020 1226 1094 laboris

124 1120 328 1217 fastidium,
343 1129 380 1193 et
399 1120 597 1217 elegerunt
613 1119 685 1194 sibi
703 1118 938 1217 prepositum
959 1122 1140 1193 domnum
1154 1123 1227 1218 Ep

125 1245 286 1320 ponem
313 1220 435 1293 virum
460 1230 644 1293 sanctum.
691 1220 804 1292 Porro
834 1220 1061 1318 episcopalis
1090 1222 1226 1295 electio

126 1326 263 1394 domno
288 1320 371 1394 duci
396 1329 592 1393 reservata
620 1330 690 1393 est
729 1320 811 1392 Fuit
835 1329 964 1393 autem
984 1345 1028 1393 eo
1052 1331 1226 1419 tempore

127 1425 304 1496 sacerdos
333 1420 484 1519 quidam
516 1420 700 1493 Geroldus
728 1419 901 1517 nomine,
932 1421 1071 1495 Suevia
1102 1433 1228 1517 natus,

126 1523 343 1621 parentibus
370 1546 446 1593 non
470 1519 632 1616 infimis,
660 1520 877 1618 capellanus
906 1522 1033 1619 ducis
1067 1522 1226 1596 scientia

127 1623 337 1696 divinarum
356 1621 626 1719 scripturarum
647 1624 741 1695 adeo
770 1621 948 1719 imbutus,
976 1632 1017 1695 ut
1035 1624 1227 1695 neminem

128 1724 164 1795 in
176 1723 339 1797 Saxonia
352 1722 543 1795 videretur
555 1722 697 1794 habere
709 1722 901 1819 paremqin
919 1747 1077 1823 corpore
1091 1722 1227 1822 pusillo
1282 1816 1283 1820 Ἰ

67 1861 74 1871 ,
128 1825 409 1937 magnanimus,
428 1822 611 1919 magister
625 1822 753 1895 scole
742 1848 780 1894 ιιι
800 1823 1043 1897 Bruneswich
1063 1836 1099 1897 et
1117 1847 1230 1897 cano

129 1924 236 1996 nicus
256 1922 357 1997 urbis
376 1923 561 2035 eiusdem,
576 1922 773 1995 familiaris
786 1923 950 2037 principi
970 1933 1125 2022 propter
1143 1948 1231 1997 con-

129 2024 328 2097 tinentiam
354 2024 439 2096 vite.
485 2025 616 2098 Preter
638 2023 858 2096 munditiam
879 2024 980 2097 enim
1004 2024 1126 2097 cordis
1150 2026 1230 2097 Deo

130 2125 320 2222 cognitam
337 2124 575 2197 castissimus
589 2125 798 2200 habebatur
817 2124 854 2196 in
871 2148 1042 2222 corpore
1061 2124 1233 2223 proposi·

131 2238 211 2297 turn
231 2224 345 2321 igitur
367 2227 512 2297 babens
534 2224 702 2298 habiturn
722 2226 942 2298 assumendi
966 2225 1231 2298 monachicum

132 2326 170 2397 in
198 2326 281 2398 loco
318 2326 379 2423 qui
406 2326 540 2398 dicitur
565 2325 885 2422 Ridegeshusen²
921 2329 990 2399 sub
1022 2326 1232 2399 obedientia

6 2476 7 2481 ,
133 2426 278 2500 abbatis
298 2426 471 2522 Conradi‚
494 2429 539 2499 ad
560 2451 671 2525 quem
693 2425 762 2498 sibi
782 2426 903 2500 fuerat
922 2451 1129 2524 germanus
1149 2451 1234 2498 san-

6 2528 7 2577 3
133 2527 219 2625 guis
239 2537 278 2599 et
295 2551 419 2622 amor3
443 2525 602 2600 herebat
626 2536 753 2599 autern
772 2525 809 2598 in
830 2528 930 2599 curia
951 2528 1057 2600 ducis
1077 2551 1235 2625 corpore

6 2691 7 2724 p
133 2627 258 2724 magis
284 2652 397 2724 quam
417 2628 554 2700 animo.
601 2627 668 2701 Ubi
688 2650 780 2724 ergo
800 2628 898 2699 lama
921 2628 1088 2726 vulgavit
1104 2627 1238 2700 Viceli·

134 2754 224 2801 num
251 2728 472 2826 episcopum
500 2727 641 2824 obisse,
668 2731 806 2800 domna
835 2729 978 2800 ductrix
997 2730 1158 2801 allocuta
1180 2738 1238 2800 est

6 2896 7 2910 ,
138 2829 343 2903 Geroldum
374 2831 549 2901 sacerdot
534 2839 632 2901 tem:
682 2826 724 2899 Si
747 2829 812 2900 tibi
831 2831 1003 2922 proposit
996 2853 1062 2902 um
1090 2836 1144 2901 cst
1164 2851 1239 2902 scr·

135 2929 256 3003 ciendi
273 2928 350 3001 Deo
369 2929 436 3001 sud
455 2931 668 3001 auscultate
684 2932 765 3023 cite,
794 2932 971 3000 assumito
990 2931 1055 3002 tibi
1073 2929 1236 3004 laborem

6 3027 7 3100 ζ
137 3029 259 3103 utilem
279 3036 315 3103 et
325 3030 523 3125 lucrosum,
542 3035 696 3124 etpcrpc
708 3031 746 3100 in
761 3027 999 3102 Seleniumet
983 3033 1093 3102 t'stu
1080 3053 1118 3101 cn
1133 3051 1303 3122 opere

6 3199 7 3202 ,
138 3135 176 3203 in
198 3154 272 3228 quo
299 3133 373 3217 fuit
396 3130 571 3215 Vicetinus
591 3132 803 3224 episcopus:
826 3129 897 3204 hoc
918 3133 1012 3202 enim
1038 3133 1180 3218 furiens
1207 3135 1244 3201 cl

138 3157 256 3303 tibiqte
240 3230 356 3302 taliis
368 3229 550 3324 proderis
586 3231 697 3302 Omne
715 3231 899 3302 bonnm
867 3255 898 3302 sc
917 3234 954 3303 in
973 3253 1162 3304 commone
1180 3228 1241 3301 de·

140 3330 290 3404 ductum
307 3333 430 3426 fuerit,
448 3333 570 3402 maius
588 3330 723 3402 bonum
737 3338 798 3405 est.
830 3331 1060 3404 Accersivit
1051 3329 1164 3427 igilur
1178 3334 1241 3404 do·

141 3432 241 3504 mina
256 3455 326 3528 per
338 3432 482 3504 litteras
501 3432 715 3525 Ludolfum,
734 3432 968 3528 prepositum
985 3435 1030 3504 de
1050 3431 1241 3528 Cuzelina,

140 3535 523 3628 commendatumque
550 3535 789 3604 sacerdotem
802 3532 1017 3605 'transmisit
1036 3557 1119 3605 cum
1140 3531 1241 3606 eoin

140 3632 407 3729 Wagirensem
426 3643 581 3726 terram⁷
607 3632 823 3729 eligendum
843 3633 881 3704 in
902 3633 1134 3731 episcopum.
1172 3634 1242 3704 Ac²

142 3733 334 3831 cessitque
363 3732 533 3831 petitioni
550 3733 730 3832 principis
755 3733 843 3806 cleri
868 3734 1062 3831 plebisque
1084 3756 1241 3804 concors

143 3834 289 3906 electio.
311 3836 549 3916 Aberattnnc
559 3835 655 3906 forte
671 3833 909 3931 episcopus³‚
924 3834 985 3931 qui
1001 3843 1243 3932 consecraret

143 3936 329 4031 electum3
347 3936 409 4006 ille
434 3933 533 4006 enim
557 3935 640 4006 duci
660 3938 706 4005 ab
732 3935 836 4008 initio
861 3934 1019 4030 invisas7
1045 3945 1134 4006 tunc
1152 3956 1243 4005 vero

145 4035 306 4140 amplius
340 4035 585 4108 insidiabatur
617 4034 795 4108 calcaneo
822 4033 939 4132 eiusl
975 4059 1019 4109 eo
1046 4037 1143 4133 quod
1171 4037 1244 4107 dux

146 4169 171 4238 1)
192 4168 292 4225 Genea.
311 4168 404 4236 28st
407 4171 478 4226 ..18
603 4174 694 4240 2)1
660 4172 849 4244 lliddagssbau
851 4191 883 4227 en
914 4190 997 4243 prope
1026 4169 1247 4241 Braunschweig

145 4245 172 4316 3)
193 4241 346 4298 Hartwicus
365 4245 584 4317 archiiuepscopu
572 4246 683 4301 sbrem
658 4247 767 4301 mensis.
879 4245 905 4316 4)
928 4246 1104 4300 insidiabatur
1123 4246 1248 4299 calcaneo

146 4323 202 4374 cios
223 4315 383 4381 Genesiss,
406 4318 448 4373 15.
