3000 4900
190 415 437 491 HELMOLDI
455 416 697 493 CHRONICA
716 416 983 493 SLAVOR-UM.
1014 416 1102 491 LlB.
1122 416 1149 491 l.
1196 420 1266 495 167

164 614 330 712 fecitque
358 616 428 691 sibi
453 618 606 692 domum
628 616 713 692 illic
757 619 852 708 Quia
872 629 1000 691 autem
1019 555 1265 733 congregatio

163 715 388 789 clericorum
416 741 490 790 non
518 716 752 794 habebatur
742 744 779 792 m
799 719 1100 816 Aldenburgensi
1118 720 1265 834 episco-

163 827 267 913 patu,
285 828 413 915 preter
432 842 518 891 eam
537 843 610 917 que
630 830 711 893 erat
724 820 915 917 Cuzeline‚
935 843 1007 918 que
1022 820 1094 893 alio
1109 820 1264 893 nomine

160 916 296 989 dicitur
314 919 584 1017 Hogerestorp,
611 930 801 994 annuente
826 923 921 995 duce
947 920 1036 994 fecit
1054 944 1122 994 eos
1141 930 1264 995 trans·

161 1017 329 1114 migrare
344 1018 561 1115 Segeberoh
574 1021 621 1092 atl
635 1020 761 1094 locum
776 1020 897 1120 prime
911 1020 1153 1117 fundationiS,
1172 1046 1262 1119 qua·

160 1118 298 1191 tenus
288 1144 325 1190 m
341 1119 695 1217 sollempnitatibus,
715 1124 863 1219 quando
879 1119 1094 1219 pontificem
1114 1131 1262 1219 oportet

160 1241 251 1291 esse
286 1218 322 1289 in
355 1220 515 1317 populo
547 1220 748 1293 haberet
739 1246 775 1292 m
809 1222 908 1293 clero
941 1222 1260 1335 supplementum.

159 1318 269 1406 Quod
296 1318 383 1392 licet
401 1320 556 1393 Ludolfo
534 1321 775 1418 opreposito
801 1333 839 1394 et
864 1320 1040 1394 fratribus
1070 1321 1260 1394 videretur

158 1416 441 1492 incommodum
458 1432 611 1518 propter
625 1421 807 1494 tumultus
824 1420 906 1517 fori,
917 1431 1116 1495 cesserunt
1130 1432 1258 1496 tamen

157 1518 536 1618 consiliomaiorum,
565 1521 1045 1634 cuirelragarilocusnon
1073 1532 1163 1596 erat.
1211 1520 1259 1593 Et
1304 1594 1307 1599 Ι

156 1619 248 1692 fecit
274 1618 348 1691 illic
372 1623 524 1694 domum
543 1621 757 1736 episcopus,
793 1623 883 1694 lnde
901 1621 1149 1719 progrediens
1169 1621 1259 1694 adiit

153 1719 500 1835 archiepiscopum,
519 1723 578 1794 cui
598 1724 711 1794 etiam
731 1723 847 1795 multa
867 1724 1047 1821 obsequia
1067 1722 1257 1828 dependit

154 1845 319 1919 sperans
352 1821 420 1894 sibi
448 1823 550 1894 reddi
577 1823 805 1896 Faldercnse
826 1818 1097 1895 monasterium
1111 1826 1254 1921 qnod

155 1931 383 1995 antecessor
399 1921 480 1995 eius
501 1932 539 1995 et
557 1921 738 1997 fundasse
754 1934 791 1997 et
806 1923 1025 2036 possedisse
1039 1922 1255 1998 dinoscitur.

153 2022 230 2096 Sed
251 2022 589 2120 archiepiscopus
579 2048 616 2094 m
637 2034 783 2121 partem
802 2022 964 2097 ecclesie
979 2022 1071 2097 sue1
1091 2023 1254 2121 pronior,

154 2122 299 2196 callidis
327 2123 593 2221 sponsionibus
622 2126 774 2197 deduxit
759 2125 942 2221 tvirum,
969 2124 1192 2222 promittens
1216 2133 1255 2196 et

153 2222 375 2297 inducians²
392 2248 438 2296 ac
452 2234 603 2338 tempus
619 2225 822 2299 redimens.
846 2224 1037 2298 Mandavit
1050 2236 1177 2298 autem
1197 2246 1254 2296 re-

152 2324 429 2397 verendissimo
449 2325 527 2398 viro
547 2326 692 2423 Epponi
715 2328 923 2424 preposito,
949 2348 996 2398 ne
1020 2326 1169 2423 penitus
1197 2348 1253 2398 re·

152 2426 321 2499 traheret
347 2451 501 2498 manum
529 2426 736 2501 asubsidio
763 2425 912 2500 novelle
939 2425 1100 2500 ecclesie
1126 2423 1251 2523 huius,

149 2529 220 2599 sed
248 2526 466 2600 subveniret
492 2527 671 2641 episcopo
700 2538 776 2600 tam
810 2528 846 2599 in
874 2527 1048 2625 personis
1074 2551 1188 2626 quam
1214 2525 1250 2598 in

149 2627 290 2700 ceteris
310 2627 547 2701 adiumentis

221 2727 485 2821 ,Quamobrem
512 2730 714 2826 episcopus
742 2740 872 2802 noster
890 2727 1088 2802 accersivit
1107 2721 1152 2800 de
1171 2727 1251 2799 Fal·

147 2829 239 2900 dera
259 2827 475 2901 Brunonem
496 2832 733 2903 sacerdotem
755 2869 798 2883 -
825 2830 856 2902 is
878 2830 978 2901 enim
997 2831 1173 2902 defuncto
1191 2827 1251 2899 Vi·

148 2927 274 2999 celino
295 2928 441 3002 Sclavia
468 2931 688 3003 decesserat
715 2970 760 2984 -
788 2940 825 3002 et
849 2929 1059 3002 transmisit
1085 2953 1171 3002 eunt
1190 2928 1250 3000 Al-

147 3030 335 3125 denburg,
358 3040 399 3101 ut
425 3041 574 3102 curaret
599 3031 762 3102 salutem
783 3029 911 3127 populi
931 3029 1040 3103 illius.
1074 3030 1130 3102 Ad
1150 3030 1248 3126 quod

149 3128 433 3226 nimirumopus
449 3130 511 3203 ille
522 3131 645 3202 divino
663 3129 915 3203 suscitabatur
928 3131 1116 3204 instinctu.
1141 3129 1249 3201 Vide·

149 3239 209 3301 rat
235 3254 399 3327 namque
418 3241 599 3305 nocturna
618 3231 764 3304 visione
793 3229 991 3304 crismale³
1018 3231 1054 3303 in
1075 3229 1247 3304 manibus

149 3329 253 3424 suis‚
278 3330 325 3402 de
353 3329 458 3415 cuius
485 3333 662 3429 operculo
688 3342 934 3404 succreverat
962 3331 1110 3404 novella
1136 3330 1246 3427 plena

149 3429 307 3526 viroris,
333 3456 406 3528 que
431 3433 639 3504 confortata
666 3432 828 3504 validam
856 3431 973 3504 crevit
995 3431 1032 3503 iu
1061 3434 1246 3504 arborem.

127 3529 258 3617 Quor
285 3530 461 3602 nimirum
478 3556 544 3629 pro
564 3533 752 3606 sententia
769 3531 850 3604 eius
870 3532 920 3604 ita
940 3531 1075 3606 evenit.
1111 3530 1247 3605 Statim

148 3629 252 3702 enim
279 3641 319 3702 ut
345 3632 449 3703 venit
473 3633 709 3730 Aldenburg,
734 3656 943 3730 aggressus
973 3643 1031 3706 cst
1058 3655 1152 3729 opus
1179 3629 1247 3706 Dei

150 3755 238 3804 cum
257 3755 397 3828 magno
425 3733 587 3830 fervore,
614 3743 653 3807 et
675 3734 825 3806 vocavit
850 3744 1004 3830 gentem
1025 3731 1246 3806 Sclavorum

145 3834 196 3904 ad
224 3833 525 3930 regenerationis
553 3833 737 3930 gratiam,
766 3833 962 3907 succidens
988 3833 1094 3906 lucos
1121 3843 1158 3906 et
1184 3834 1246 3906 de-

145 3942 302 4008 struens
326 3933 419 4007 ritus
440 3933 657 4031 sacrilegos.
701 3934 747 4006 ut
767 3934 852 4032 quia
873 3945 1038 4006 castrum
1059 3943 1096 4006 et
1115 3933 1245 4006 civitas

147 4115 176 4188 1)
195 4133 233 4170 sc.
254 4115 462 4187 Hamburgenei.
535 4117 562 4186 2)
581 4120 727 4187 inductam,
747 4116 765 4170 ἰ.
777 4133 801 4170 e.
817 4133 905 4171 moras
921 4125 1040 4172 nectens.
1115 4114 1141 4187 3)
1161 4117 1247 4171 clrio-

148 4191 227 4256 mulc,
246 4207 292 4244 vas
312 4190 533 4256 ecclesiasticum,
558 4191 586 4244 in
613 4208 667 4262 qno
693 4189 810 4246 chrisma
830 4207 878 4244 seu
898 4207 1004 4244 sacrum
1024 4189 1113 4244 oleum
1133 4206 1248 4244 conser-

142 4270 233 4317 vatur.
