3000 4900
173 451 422 528 HELMOLDI
438 454 681 580 cflxoulcn
695 452 963 530 SLAVORUM.
990 454 1079 530 LlB.
1094 455 1119 530 l.
1159 459 1228 533 127

140 682 188 730 ne
206 666 332 729 castro
350 655 570 753 potirentur.
618 657 673 730 Ad
692 656 867 729 ultimum
891 657 1029 730 nostris
1054 657 1129 730 iam
1149 683 1230 756 per-

140 757 245 853 tesi5‚
270 757 468 831 conventio
495 756 582 830 talis
600 759 699 830 facta
719 768 789 853 est,
815 767 857 829 ut
874 757 998 831 Sclavi
1023 757 1136 832 fidem
1163 758 1231 831 cri-

140 858 303 931 stianam
317 857 547 956 reciperent¹
569 868 605 930 et
620 860 792 930 laxarent
805 857 933 932 Dauos
948 882 1042 954 quos
1060 859 1098 931 in
1117 859 1232 956 capti·

139 959 255 1032 vitate
273 959 492 1032 habuerant.
528 959 635 1030 Multi
655 958 771 1056 igitur
788 983 920 1031 eorum
937 959 1034 1032 falso
1053 959 1230 1056 baptizati

142 1069 241 1155 sunt,
268 1060 368 1132 etde
391 1059 564 1156 captione
589 1060 786 1131 hominum
810 1060 1073 1153 relaxaverunt
1099 1083 1231 1132 omnes

141 1183 253 1233 senes
272 1168 310 1233 et
326 1159 490 1256 inutiles,
508 1159 643 1233 ceteris
659 1159 827 1245 retentis
843 1184 937 1256 quos
956 1158 1107 1232 servitio
1122 1162 1232 1232 robu-

142 1260 235 1332 stior
253 1270 447 1358 aptaverat
465 1270 557 1333 etas.
610 1260 750 1333 Taliter
777 1260 841 1332 illa
869 1260 1020 1357 grandis
1045 1257 1230 1357 expeditio

143 1386 229 1434 cum
248 1359 395 1434 modico
424 1361 680 1434 emolumento
709 1361 832 1432 soluta
859 1371 926 1432 est.
971 1359 1106 1433 Statim
1132 1361 1232 1435 enim

141 1462 384 1558 postmodum
411 1461 448 1533 in
476 1461 639 1534 deterius
666 1461 898 1533 coaluerunt:
923 1485 1010 1533 nam
1029 1486 1150 1558 neque
1169 1464 1232 1533 ba-

141 1561 279 1660 ptisma
307 1572 562 1657 servaverunt,
589 1586 658 1635 nec
690 1561 939 1635 cohibuerunt
963 1586 1098 1634 manus
1123 1587 1145 1634 a
1172 1562 1234 1634 de·
1279 1638 1291 1654 ,Ι

140 1663 359 1760 predatione
378 1662 581 1734 Danorum.
1287 1657 1289 1662 ’

243 1768 301 1836 66.
336 1762 390 1835 De
407 1766 516 1850 fame.
571 1762 708 1835 Comes
733 1773 861 1835 autem
880 1773 1010 1836 noster
1032 1763 1232 1836 convulsas

110 1922 114 1930 .
141 1887 322 1960 reparans
342 1863 538 1958 amicitias⁷
558 1862 648 1936 fecit
666 1888 800 1961 pacem
820 1888 905 1934 cum
924 1863 1070 1936 Nicloto
1091 1875 1233 1936 etcum

144 1964 279 2036 ceteris
298 1963 541 2037 orientalibus
555 1962 711 2036 Sclavis.
749 1963 826 2036 Nec
844 1973 972 2036 tamen
990 1963 1136 2062 integre
1155 1988 1233 2036 cre·

141 2066 254 2137 debat
271 2063 337 2160 eia
358 2089 401 2137 eo
419 2065 516 2161 quod
531 2065 659 2138 federa
673 2065 795 2161 prima
808 2063 1014 2137 violassent
1032 2075 1068 2138 et
1081 2088 1234 2161 percus·

142 2165 282 2237 sissent
305 2174 445 2237 terram
473 2178 581 2237 suam
609 2165 799 2237 attritione
826 2165 1000 2238 maxima.
1052 2165 1233 2264 Cepitque

142 2265 330 2337 consolari
348 2265 530 2364 populum
554 2290 677 2361 suum,
703 2291 814 2362 quem
839 2265 996 2342 vastitas
1014 2266 1162 2339 hostilis
1182 2277 1235 2338 at·
1365 2331 1367 2334 .

141 2366 307 2459 triverat7
323 2389 435 2437 orans
454 2391 532 2463 eos7
547 2391 594 2440 ne
613 2366 762 2438 casibus
778 2366 944 2438 adversis
959 2368 1146 2465 cederent,
1160 2367 1233 2438 hoc

143 2477 429 2564 cognoscentes7
457 2469 554 2564 quod
581 2467 895 2540 Marcomannos²
921 2478 1070 2567 oportet
1100 2470 1233 2541 duram

141 2568 282 2640 habere
308 2568 527 2663 patientiam
555 2578 592 2641 et
615 2568 794 2667 prodigos
826 2592 911 2641 esse
937 2568 1131 2667 sanguinis
1162 2568 1232 2640 sui.

140 2668 183 2741 In
197 2667 423 2741 redimendis
440 2694 588 2766 quoque
603 2669 760 2766 captivis
776 2669 1103 2742 devotus'exstitit.
1136 2668 1233 2756 Quid

142 2769 264 2841 dicam
280 2769 324 2841 de
339 2770 534 2845 sacerdote
549 2770 660 2843 Cristi
672 2770 864 2844 Vicelinol
890 2769 931 2841 ln
947 2796 991 2843 ea
1006 2770 1232 2868 calamitate,

142 2894 216 2966 qua
234 2869 450 2941 barbaricus
468 2872 573 2941 furor
596 2872 736 2942 multos
763 2870 955 2944 attriverat
974 2882 1012 2944 et
1028 2873 1234 2944 frumento-

140 2995 227 3041 rum
257 2970 413 3068 penuria
442 2972 582 3043 famem
610 2970 870 3069 parturiverat
907 2972 1078 3043 omnibus
1106 2972 1167 3069 qui
1196 2970 1233 3042 in

141 3070 299 3144 Faldera
317 3081 355 3144 et
368 3071 545 3144 Cuzelina
564 3072 716 3145 fuerunt
730 3096 972 3170 summopere
995 3073 1234 3145 commenda·

140 3170 205 3266 νὴ,
235 3181 274 3243 ut
292 3196 500 3269 pauperum
528 3197 717 3247 memores
742 3183 879 3246 essent.
932 3173 987 3245 Ad
1014 3176 1111 3270 quod
1138 3197 1232 3270 opus

140 3271 200 3344 vir
229 3271 296 3345 Dei
328 3272 552 3345 Thetmarus
587 3272 657 3345 fuit
689 3273 1033 3371 incomparabiliter
1063 3273 1232 3369 idoneus⁷

141 3372 363 3470 dispergens
378 3383 416 3445 et
429 3374 521 3445 dans
536 3374 762 3472 pauperibus
777 3374 948 3447 minister
961 3374 1082 3447 fidelis
1098 3384 1134 3447 et
1148 3399 1234 3471 pru·

140 3473 245 3570 dens,
265 3472 402 3570 ubique
420 3473 648 3568 caritativus7
666 3474 802 3572 ubique
818 3475 959 3573 largus,
975 3474 1012 3545 in
1031 3474 1136 3547 cuius
1155 3475 1234 3547 lau·

142 3574 228 3647 dem
247 3598 380 3671 parum
399 3576 572 3672 estquod
591 3577 735 3672 loquor.
789 3574 889 3649 Sane
911 3587 1042 3673 pectus
1061 3575 1234 3649 sacerdo·

139 3672 1233 3773 tismisericordiarefertum75uavissimofragrabatodore,

139 3773 387 3872 iacebantque
397 3801 464 3873 pre
473 3775 615 3849 foribus
630 3776 850 3850 monasterii
860 3800 997 3875 greges
1012 3801 1232 3873 egenorum,

67 3908 72 3917 ·
140 3876 441 3975 exspectantium
459 3876 706 3950 elemosinam
732 3878 778 3951 de
800 3903 914 3949 mauu
940 3876 1009 3949 viri
1027 3876 1112 3951 Dei:
1138 3878 1231 3949 adeo

139 3986 183 4048 ut
198 3977 306 4050 locus
330 3977 395 4050 ille
413 3977 459 4049 ad
487 3976 654 4076 inopiam
680 3978 907 4076 redigendus
924 3977 1125 4077 videretur7
1149 4001 1233 4076 pro·

137 4087 224 4174 pter
241 4077 454 4176 largitatem
474 4077 553 4151 viri.
586 4077 867 4152 Obserabantur
884 4078 998 4177 igitur
1017 4106 1035 4150 a
1055 4103 1233 4177 procura·

138 4228 165 4295 l)
185 4229 223 4283 lta
243 4230 603 4286 ortomadario.
682 4232 710 4305 2)
728 4233 925 4301 Marcomanni,
947 4234 972 4286 b.
987 4250 1010 4286 c.
1030 4235 1075 4305 qui
1096 4233 1122 4286 in
1144 4252 1232 4287 ntarca

136 4319 188 4357 sou
206 4303 236 4357 iu
254 4304 353 4364 linibus
372 4304 477 4374 imperii
498 4309 607 4377 degunt.
645 4304 678 4360 V.
697 4306 768 4359 iufra
788 4325 812 4361 o.
824 4305 858 4357 67
870 4307 889 4360 l.
909 4318 936 4360 et
954 4305 999 4360 86.
