3000 4900
152 451 398 525 HELMOLlll
417 451 658 527 CHRONlCA
677 451 947 527 servotum
974 452 1059 525 LlB.
1075 454 1100 525 l.
1156 454 1226 527 163

125 674 196 724 nos
217 652 455 726 accersierat
486 652 629 726 Accidit
644 663 772 727 autern
793 663 831 726 ut
849 652 886 726 in
906 653 1065 727 transitu
1081 654 1227 727 venire·

126 775 211 825 mus
239 752 276 824 in
304 777 456 850 nemus,
483 756 580 853 quod
609 754 760 827 unicum
788 764 847 829 est
871 754 908 826 in
927 765 1028 831 terra
1046 754 1122 852 illa
1149 764 1227 827 tota

126 851 227 926 enirn
246 852 284 925 in
304 854 505 951 planiciem
524 854 720 927 sternitur·
743 854 843 927 lllic
834 865 932 927 inter
945 854 1227 929 vetustissimas

127 957 281 1027 arbores
302 954 462 1027 vidimus
489 978 618 1029 sacras
638 979 814 1053 quemue,
843 978 915 1053 que
934 954 1055 1029 dicate
1077 955 1229 1029 fuerant

127 1056 197 1127 deo
217 1065 317 1127 terre
336 1055 434 1127 illius
453 1057 614 1154 Proven,
634 1080 728 1154 quas
749 1055 938 1129 ambiebat
956 1056 1092 1130 atrium
1111 1066 1149 1129 et
1167 1080 1227 1129 se·

126 1178 196 1252 pes
213 1156 423 1228 accuratior
438 1155 551 1261 lignis
571 1165 800 1253 constructa,
820 1157 1017 1230 continens
1033 1158 1126 1229 duas
1141 1180 1227 1254 por·

126 1265 197 1327 tas
241 1257 370 1331 Preter
394 1251 553 1355 penates
579 1256 682 1331 enim
709 1267 746 1329 et
770 1256 893 1353 ydola,
920 1258 1064 1370 quibus·
1077 1257 1227 1371 singula

127 1355 263 1468 oppida
295 1359 575 1452 redundabant
607 1357 714 1430 locus
745 1356 808 1429 ille
839 1355 1132 1430 sanctimonium
1159 1356 1228 1429 fuit

129 1456 307 1529 universe
325 1468 439 1571 terre,
466 1481 523 1529 cur
515 1456 682 1530 flamen
703 1467 740 1530 et
758 1456 1001 1531 feriationes¹
1030 1467 1067 1532 et
1086 1455 1227 1531 sacrifi·

127 1555 269 1628 ciorum
281 1557 372 1629 varii
387 1557 480 1631 ritus
491 1558 657 1656 deputati
673 1558 833 1631 fuerant
860 1558 937 1631 lllic
948 1582 1049 1630 omnr
1041 1557 1228 1631 secunda

126 1656 219 1728 feria
238 1657 399 1755 populus
424 1664 525 1731 terre
542 1683 627 1731 curn
644 1659 777 1756 regulo
797 1669 834 1731 et
852 1655 1006 1732 llamine
1024 1657 1226 1732 convenire

128 1758 301 1830 solebant
319 1768 473 1871 propter
490 1758 636 1832 iudicia.
668 1758 871 1855 Ingressus
884 1759 966 1831 atrii
982 1758 1184 1833 omnibus
1175 1783 1228 1830 rn-

127 1856 265 1930 hibitus
291 1859 362 1931 nisi
388 1858 574 1934 sacerdoti
599 1868 745 1932 tanturn
766 1869 804 1932 et
828 1858 1042 1932 sacrificare
1070 1858 1228 1931 volenti·

126 1962 210 2054 bus,
238 1959 298 2031 vel
325 1984 420 2057 quos
445 1960 580 2033 ‘mortis
607 1964 767 2057 urgebat
784 1959 1007 2058 periculum,
1032 1959 1106 2033 hiis
1126 1957 1228 2031 eninr

126 2058 282 2131 minime
302 2065 512 2157 negabatur
531 2061 677 2134 asilum.
706 2062 866 2135 Tantam
887 2060 987 2133 enirn
1007 2060 1126 2133 sacris
1147 2059 1226 2133 suis

126 2158 250 2233 Sclavi
279 2162 456 2235 exhibent
479 2161 758 2279 reverentiam2
779 2172 820 2234 ut
844 2161 1025 2235 ambitum
1052 2159 1128 2232 fani
1156 2184 1228 2233 nec

126 2258 162 2331 in
183 2259 353 2334 hostibus
379 2266 565 2359 sanguine
584 2262 699 2375 pollui
727 2262 862 2334 sinant.
906 2260 1114 2337 iurationes
1134 2259 1228 2334 dilli-

127 2359 264 2432 cillime
291 2363 513 2460 admittunt
549 2387 637 2435 narn
661 2362 786 2435 iurare
814 2364 911 2461 apud
937 2361 1094 2436 Sclavos
1120 2361 1227 2460 quasi

126 2461 321 2558 periurare
335 2475 406 2560 est
423 2468 469 2537 ob
483 2418 669 2537 vindicem
684 2466 841 2536 deorum
856 2461 986 2536 iram²
1017 2465 1083 2536 Est
1098 2473 1227 2536 autern

126 2560 272 2635 Sclavis
286 2564 481 2663 multiplex
495 2564 715 2679 ydololatrie
731 2566 878 2657 moduS,
894 2587 967 2635 non
980 2564 1080 2636 enirn
1093 2587 1228 2637 omnes

125 2661 162 2733 in
183 2665 343 2737 eandem
359 2665 636 2763 superstitionis
652 2664 962 2738 consuetudinem
975 2663 1225 2739 consentiunt

125 2761 183 2834 Hii
204 2763 305 2836 enim
321 2764 634 2839 simulachrorum
650 2764 908 2863 ymaginarias
919 2765 1060 2836 formas
1073 2774 1225 2863 p·reten

126 2865 218 2936 dunt
236 2867 282 2938 de
299 2866 465 2979 templis,
485 2866 600 2939 veluti
619 2867 808 2940 Plunense
827 2865 991 2962 ydolum,
1012 2865 1070 2936 cui
1086 2889 1225 2937 nomen

125 2963 295 3063 Podaga·
314 2965 375 3038 alii
394 2967 509 3040 silvas
529 2967 590 3039 vel
606 2967 712 3039 lucos
730 2965 952 3060 inhabitant
969 2975 1010 3037 ut
1028 2977 1085 3038 est
1103 2966 1225 3042 Prove

126 3067 219 3137 deus
236 3066 466 3165 Aldenhurg
486 3066 619 3166 quibus
638 3067 739 3139 nulle
761 3076 849 3138 sunt
868 3063 1014 3163 effigies
1034 3088 1226 3180 expresse.

125 3165 262 3238 Multos
282 3167 395 3239 etiam
410 3170 555 3241 duobus
570 3168 630 3240 vel
648 3166 765 3241 tribus
779 3167 841 3239 vel
860 3190 906 3239 eo
921 3166 1083 3264 amplius
1100 3166 1227 3265 capiti·

126 3269 194 3340 bus
236 3268 470 3366 exsculpunt.
526 3269 628 3341 luter
664 3267 906 3340 multiformia
946 3291 1037 3340 vero
1069 3271 1225 3340 deorum

125 3366 295 3463 numina⁷
314 3369 448 3465 quibus
466 3393 569 3465 arva,
588 3368 716 3463 silvas,
735 3367 903 3440 tristitias
925 3378 1037 3465 atque
1058 3367 1228 3466 volupta-

124 3477 183 3539 tes
198 3467 414 3565 attribuunt
434 3493 508 3542 non
523 3468 729 3541 diffitentur
742 3491 859 3539 unum
874 3470 987 3540 deum
1007 3467 1042 3540 in
1060 3469 1150 3541 celis
1166 3493 1226 3543 ce·

127 3567 220 3641 teris
243 3569 539 3667 imperitantem,
560 3568 664 3641 illurn
678 3578 949 3683 prepotentem
970 3568 1127 3642 celestia
1145 3579 1227 3641 tan·

123 3679 205 3743 turn
221 3694 366 3769 curare,
386 3673 455 3744 hos
474 3693 564 3743 vero
584 3669 787 3743 distributis
806 3667 940 3742 officiis
959 3673 1228 3768 obsequentes⁷

125 3770 173 3843 de
200 3770 385 3886 sanguine
414 3770 494 3844 eius
519 3770 753 3869 processisse
781 3781 819 3843 et
844 3793 1153 3868 unumquemque
1179 3794 1228 3842 eo

125 3871 441 3968 prestantiorem,
476 3896 549 3970 quo
578 3870 844 3969 proximiorem
875 3869 927 3942 illi
958 3873 1028 3944 deo
1056 3873 1228 3943 deorum

125 3972 371 4047 Venientibus
390 3983 517 4046 autern
536 3971 642 4044 nohis
663 3973 707 4044 ad
733 3993 870 4044 nemus
888 3969 976 4044 illud
996 3980 1034 4044 et
1051 3971 1226 4070 prolana·

124 4069 239 4146 tionis
252 4073 395 4170 locum,
414 4074 633 4146 adhortatus
652 4082 710 4144 est
723 4094 793 4144 nos
809 4071 1024 4170 episcopus⁷
1042 4082 1083 4144 ut
1095 4072 1226 4145 valen·

124 4184 185 4246 ter
203 4177 471 4252 accederemus
495 4175 540 4246 ad
564 4175 834 4247 destruendum
853 4173 991 4245 lucum.
1030 4169 1113 4270 lpse
1134 4197 1227 4273 quo·

125 4290 152 4364 1)
170 4290 365 4362 smutimeai.
347 4309 406 4348 r.e
427 4292 523 4358 leri‚ae
543 4291 602 4348 dieu
621 4291 691 4350 lorti
768 4287 849 4364 Ἠ
868 4307 948 4362 supra
968 4307 1028 4386 epp.
1044 4289 1089 4348 52

926 4366 991 4439 12·
