3000 4900
155 459 400 534 emimontu
418 458 659 534 CHROMGA
678 457 947 532 SLANORUM.
972 456 1059 530 Lttt
1077 456 1112 528 1..
1160 460 1234 532 139
1265 503 1267 507 ·

129 660 265 735 nedum
284 659 387 734 mbis
411 662 471 732 cui
486 658 586 732 Deru
603 659 821 753 unepliorcm
837 661 931 732 inter
943 661 1128 754 principer
1146 681 1231 732 uon·

131 761 227 835 tulit
242 763 550 856 mapniticmtinm
574 767 652 832 tom
672 762 814 856 pencris
837 782 950 856 quum
971 762 1142 854 potentie
1187 760 1240 832 ut.

131 863 206 936 his
211 861 318 936 dices
333 861 429 934 fecit
437 865 534 975 qnod
549 861 760 934 necessitas
776 861 993 959 imperarat,
1012 872 1049 934 et
1064 859 1241 958 suscepit¹

132 963 408 1062 episcopatum
411 986 480 1061 per
492 963 637 1058 virgum
653 965 699 1035 de
716 980 828 1034 mann
844 961 960 1035 ducis
989 961 1234 1059 Animequior

134 1075 263 1137 autem
283 1065 404 1136 iactus
423 1067 509 1156 dux,
536 1063 627 1135 aits
644 1062 740 1152 Quin
759 1061 922 1135 aidanus
942 1086 1008 1134 uos
1028 1061 1241 1135 obedientes..

133 1187 223 1238 esse
232 1163 415 1237 uoluntati
435 1170 572 1258 nostre,
600 1169 745 1256 oportet
769 1170 804 1236 et
824 1187 892 1236 nos
909 1165 1101 1238 sanctitati
1118 1169 1244 1236 uestra

132 1263 514 1360 condipnamperere.
530 1267 769 1337 reuerentiam
794 1270 830 1336 et
849 1266 1018 1357 petitioni
1043 1263 1090 1336 de
1114 1271 1232 1336 cetero

128 1367 326 1459 proniores
353 1362 492 1437 adesse.
537 1363 613 1436 Sed
628 1367 720 1461 quein
732 1387 830 1437 nunc
847 1365 884 1437 in
896 1368 1092 1458 procinctu
1107 1387 1242 1438 summ*

135 1467 286 1561 itineris,
304 1472 340 1538 et
354 1464 542 1538 ordinatio
560 1471 677 1538 cestre
694 1488 805 1538 cause
816 1465 1002 1558 prolixius
1020 1473 1160 1558 tempus
1178 1488 1243 1536 rem

132 1568 259 1662 quirit,
282 1565 415 1638 donau
438 1567 580 1638 interim
596 1566 700 1638 uobis
715 1565 842 1638 uillam
859 1567 993 1661 Busae,
1017 1587 1129 1663 quum
1141 1568 1244 1660 peti·-

133 1669 214 1763 stis,
230 1689 315 1739 erem
330 1690 404 1740 suu
413 1669 636 1759 pertinentia
648 1666 864 1763 Dulnunizo,
884 1674 928 1740 ut
942 1666 1115 1756 edificetis
1131 1667 1241 1740 colis

135 1765 287 1839 domum
299 1770 336 1840 in
350 1767 469 1839 medic
483 1774 577 1839 terre
588 1775 706 1840 cestre
719 1767 966 1860 etprestoluri.
973 1771 1126 1860 possitis
1140 1766 1234 1840 rodi·

134 1873 213 1940 ium
225 1875 403 1940 nostrum.
437 1869 534 1940 Tunc
547 1870 641 1941 mun
652 1870 822 1962 propicio
836 1867 912 1940 Deo
928 1867 1163 1962 disponendis
1180 1891 1235 1939 re

137 1967 204 2041 bus
220 1971 351 2042 cestris
363 1970 584 2062 propensius
600 1969 828 2042 instabimus.
865 1969 1100 2066 Rogavitque
1121 1968 1235 2042 cumi·

135 2079 214 2142 tem
230 2070 420 2166 Adollam,
446 2080 486 2141 ιιι
503 2069 590 2141 huic
608 2069 796 2142 donationi
826 2072 1000 2167 preberet
1018 2093 1235 2143 assensum.

138 2169 204 2244 Cui
231 2171 425 2269 respondit
453 2194 600 2243 comes:
641 2171 700 2242 En
722 2193 794 2268 quo
814 2169 983 2243 dominus
1001 2193 1101 2243 nicus
1122 2172 1236 2255 denus

137 2277 193 2342 est
209 2269 261 2342 nd
273 2273 461 2366 pietatm,
480 2269 583 2343 decet
598 2295 667 2343 uos
683 2271 865 2344 uoluntati
883 2274 959 2344 eius
973 2277 1240 2344 concurrerent

132 2393 206 2465 pro
228 2395 340 2468 posse
361 2378 489 2445 nostro
516 2373 548 2442 ai
572 2374 789 2467 suffrupari.
831 2372 1101 2445 Possessionem
1125 2375 1245 2468 ipitur
1321 2399 1325 2407 ¹

138 2471 424 2568 quamuomnos
442 2471 520 2544 dun
530 2476 700 2565 permisit
715 2476 897 2569 episcopo,
918 2480 955 2545 et
971 2497 1036 2569 epo
1050 2475 1236 2567 permitto.

137 2573 289 2665 Insuper
315 2572 413 2645 cedo
430 2573 474 2644 de
502 2572 696 2646 medietate
722 2572 959 2669 decimarum,
985 2582 1028 2647 ut
1051 2571 1185 2646 cedunt
1199 2576 1241 2646 in-

137 2676 422 2768 ususcpiscopi,
447 2697 522 2745 non
547 2698 602 2745 ec
618 2673 736 2747 debito
762 2673 828 2746 sed
845 2698 889 2747 ec
904 2678 1029 2792 pretia
1046 2677 1167 2771 uestri,
1195 2698 1242 2745 ec

137 2771 240 2869 quod
256 2796 315 2846 res
333 2773 557 2888 episcopales
573 2774 729 2847 necdum
746 2773 1006 2848 ordinutet
932 2779 1015 2849 sint.

215 2874 414 2947 Commisit
400 2874 553 2971 tigitur
576 2878 650 2948 dux
669 2876 879 2948 custodiam
898 2887 998 2949 terre
1017 2876 1236 2950 Sclavorum

139 2985 253 3071 atque
271 2975 608 3073 Nordalbingorum
630 2976 755 3049 comiti
775 2987 918 3074 nostro,
943 2976 1239 3074 compositisque

139 3075 286 3147 rebus
278 3102 314 3147 m
334 3076 496 3149 Saxonia
523 3077 716 3175 profectus
736 3088 795 3150 est
815 3101 899 3149 curn
919 3076 1062 3173 militia,
1087 3088 1128 3167 ut
1145 3078 1238 3150 reci

139 3186 249 3273 peret
262 3178 438 3249 ducatum
452 3176 654 3251 anarie³.
683 3179 795 3251 Porro
812 3176 990 3275 ductrix³‚
1004 3158 1143 3251 domna
1158 3179 1331 3252 Cle-1150.

140 3275 296 3391 mentia,
314 3278 497 3350 remansit
509 3278 751 3375 Lunenburg‚
770 3279 913 3392 fuitque
933 3302 1062 3351 comes
1079 3278 1243 3351 clarissi-

140 3377 273 3449 musin
289 3380 401 3450 domo
420 3378 524 3451 ducis
545 3388 582 3449 et
600 3378 821 3452 officiosus
812 3404 848 3450 m
868 3379 1048 3477 obsequio
1064 3380 1181 3452 duct'
1136 3380 1239 3452 tricis

140 3489 322 3575 paterque
349 3478 505 3551 consilii
554 3478 810 3593 Quamobrem
842 3485 1121 3554 venerabantur
1151 3504 1238 3553 eum

141 3577 330 3675 principes
351 3578 586 3693 Sulavorum2
604 3580 770 3653 maxime
793 3604 884 3653 vero
905 3605 1018 3679 reges
1033 3582 1239 3676 Dunorum7

139 3677 204 3775 qui
226 3679 469 3752 laborantes
459 3680 639 3753 intestino
658 3681 769 3761 bello
789 3686 984 3757 certabant
969 3693 1089 3754 teum
1108 3706 1241 3779 preve·

141 3777 223 3851 nire
238 3780 467 3852 muneribus.
485 3780 656 3854 Kanutus
669 3782 783 3877 enim,
799 3809 861 3879 qur
853 3782 1054 3879 profugus
1068 3781 1241 3854 exulabat

140 3882 242 3991 spui
262 3879 603 3979 arehiepiscopum
623 3882 785 3955 corrflato
805 3887 850 3956 de
869 3883 1032 3956 Saxonis
1053 3882 1241 3956 conducti-

140 3981 198 4051 rio
219 3980 398 4077 exercitu,
426 3983 926 4057 reversus-estinlbaniam.
958 3986 1003 4057 Et
1022 3984 1134 4057 additi
1154 3994 1240 4057 sunt

141 4079 176 4151 ei
191 4103 328 4154 omnes
342 4106 443 4179 pene
457 4084 517 4180 qui
533 4082 980 4160 habitabantluthlandie.
1008 4087 1086 4157 Hoc
1100 4084 1239 4178 audito7

141 4180 1239 4283 Sueincontraxitmaritimascopiastransmissoque-mari

144 4300 168 4370 1)
189 4316 260 4354 auno
282 4299 353 4352 1150
373 4301 410 4353 in.
502 4301 531 4370 2)
551 4301 578 4355 h.
598 4320 623 4356 e.
642 4302 763 4366 ducissa;
784 4303 819 4357 ci.
840 4321 897 4375 cup.
917 4304 951 4357 71
971 4304 1029 4358 init.
1049 4303 1095 4360 79.
