3000 4900
229 459 273 535 a
359 450 611 536 ucuuocm
639 423 1177 583 cusou1tssuuvosuu.

224 657 468 754 templationis
498 662 573 734 otio
609 661 767 735 iuvenire
794 668 947 755 possent
972 663 1069 734 ciam
1102 662 1315 758 sapientiae,

218 764 467 853 praeferentes
492 784 573 835 eam
591 785 686 834 auro
714 762 849 856 obryzo
873 768 909 836 et
931 764 1069 835 canedo
1091 761 1222 857 opibus
1233 786 1316 856 pre·

223 861 351 933 ciosis:
381 864 444 957 qui
468 865 575 935 etiam
602 862 828 936 extendentes
851 865 967 935 aciem
991 863 1124 958 inpenii
1149 860 1201 935 ad
1227 865 1315 936 iuui-

221 960 344 1033 sibilia
355 960 423 1034 Dei
440 968 476 1034 et
489 964 578 1058 ipsis
595 965 746 1036 arcanis
760 965 1021 1058 approximare
1033 965 1225 1058 cupientes,
1238 962 1314 1058 ple·

222 1083 373 1157 rumque
397 1085 512 1160 supra
537 1065 631 1137 oires
648 1064 823 1149 laborare
844 1065 915 1137 nisi
939 1069 1033 1137 sunt.
1081 1062 1154 1137 Alii
1179 1070 1313 1160 autem,

221 1184 377 1258 quorum
403 1170 558 1250 conatus
583 1189 657 1238 nau
680 1167 755 1252 fuit
777 1167 881 1259 tanti,
904 1167 1136 1238 consistentes
1160 1166 1197 1237 iu
1222 1188 1313 1238 suae

221 1259 470 1356 dispositionis
482 1271 589 1360 meta,
604 1266 788 1338 auserunt
803 1271 836 1338 et
852 1267 923 1360 ipsi
939 1264 983 1337 de
1000 1265 1230 1359 simplicitate
1241 1287 1312 1337 sua

186 1421 188 1425 .
219 1384 363 1436 arcana
379 1367 658 1462 scripturarum,
672 1364 859 1463 multaque
876 1365 924 1438 ab
943 1367 1024 1459 ipsa
1040 1363 1311 1438 constitutioue¹

219 1462 347 1536 muudi
363 1463 409 1537 de
425 1465 570 1560 repibus
584 1472 623 1538 et
631 1466 820 1560 prophetis
837 1473 872 1539 et
886 1468 1000 1539 coriis
1017 1464 1195 1538 bellorum
1212 1490 1311 1539 eoen-

218 1563 313 1637 tibus
344 1571 635 1661 commentantes,
668 1589 779 1661 super
807 1566 998 1640 virtutibus
1027 1564 1187 1660 laudem,
1216 1568 1312 1639 vitiis

217 1687 302 1737 aero
333 1663 604 1740 detestationem
631 1669 709 1740 suis
739 1669 966 1766 praeconiis
986 1666 1220 1740 addiderunt.
1267 1667 1310 1740 ln

147 1762 149 1765 ’
217 1762 325 1836 buius
343 1768 436 1838 enim
453 1767 566 1839 seculi
589 1768 779 1841 tenebrosa
798 1768 964 1865 calipine,
987 1770 1020 1840 si
1034 1767 1141 1840 ‘desit
1159 1766 1309 1840 lucerna

216 1866 496 1963 scripturarum,
515 1891 627 1940 caeca
644 1875 731 1942 sunt
747 1871 882 1942 omnia.
913 1867 1112 1965 Arpueuda
1129 1870 1240 1964 ipitur
1257 1873 1312 1941 es't

215 1964 477 2039 modernorum
490 1968 694 2064 insolentia,
707 1971 771 2066 qui
786 1969 831 2042 de
844 1969 977 2063 abysso
991 1968 1211 2042 iudiciorum
1220 1967 1309 2040 Dei²

214 2065 330 2138 multa
354 2069 450 2140 sicut
472 2068 559 2140 olim
583 2070 635 2141 ita
653 2076 688 2142 et
710 2094 807 2142 uuuc
829 2093 1001 2143 emanare
1017 2070 1188 2165 uidentes,
1207 2068 1308 2141 obtu-

214 2174 386 2240 raverunt
409 2193 519 2241 aeuus
550 2169 774 2265 eloquentiae
802 2194 904 2265 suae,
935 2172 1054 2243 auersi
1083 2173 1119 2243 in
1145 2169 1307 2242 lubricas

212 2264 320 2339 haias
345 2271 440 2340 citae
466 2271 654 2342 vanitates.
696 2272 776 2367 Epo
801 2278 922 2344 autem
948 2273 985 2344 iu
1003 2269 1332 2367 eorumlcudcm,

213 2368 275 2463 qui
292 2365 510 2441 Sclaoorum
523 2373 755 2465 provinciam
781 2370 932 2444 diversis
956 2371 1136 2444 aetatibus
1159 2370 1350 2468 manu³,···1x

213 2467 350 2565 linqua,
360 2470 524 2568 plerique
542 2475 649 2545 etiam
663 2476 721 2544 sui
738 2476 928 2569 sanpuinis
946 2476 1128 2561 effusione
1143 2472 1305 2545 illustra·
1350 2465 1357 2479 “

213 2576 308 2664 runt,
336 2574 455 2665 operis
480 2572 587 2645 buius
600 2576 777 2669 papinum
801 2573 999 2647 dicandam
1019 2574 1192 2668 arbitror,
1216 2597 1304 2670 quo-

212 2692 294 2741 rum
317 2670 438 2766 ylario
463 2697 535 2745 non
564 2676 631 2745 erit
657 2674 881 2747 obstruenda
912 2674 1073 2748 silentio:
1108 2677 1196 2771 quia
1217 2680 1307 2768 post

211 2770 391 2842 excidium
407 2770 711 2868 Aldenburpensis
730 2773 902 2847 ecclesiae
918 2775 1174 2848 Lubecensium
1193 2775 1304 2868 incly·
1389 2794 1394 2804 ·

211 2875 285 2942 tam
305 2874 495 2967 civitatem,
521 2869 679 2948 Domino
697 2878 852 2970 favente,
877 2875 929 2947 ad
949 2875 1046 2948 bunc
1064 2875 1207 2948 decoris
1224 2878 1303 2969 api·

210 2995 286 3043 cem
299 2980 554 3069 provenerunt,
579 2981 621 3046 ut
643 2979 735 3048 iuter
753 3000 876 3048 omues
894 2976 1112 3049 Sclaoorum
1130 2978 1303 3070 opinatis·
1409 3041 1422 3056 ,

90 3135 92 3139 .
208 3073 324 3144 simas
348 3076 509 3146 ciuitates
533 3075 624 3147 baec
648 3078 722 3148 iam
752 3084 864 3170 caput
888 3077 1055 3150 extulerit
1078 3084 1153 3149 tam
1180 3100 1302 3148 rerum

210 3172 394 3266 opulentia
408 3198 519 3270 quam
537 3175 709 3273 relipione
730 3176 867 3249 diuina.
906 3178 1024 3251 Porro
1043 3178 1128 3250 aliis
1146 3180 1302 3272 omissis,

208 3296 302 3369 quae
315 3281 443 3346 nostra
462 3282 580 3347 aetate
596 3284 699 3371 qesta
716 3284 811 3373 sunt,
825 3301 920 3375 quae
937 3278 1201 3374 autlonpaeois
1213 3281 1301 3350 airis

208 3375 445 3461 referentibus
453 3380 599 3470 percepi
617 3384 685 3450 aut
700 3378 850 3451 oculata
868 3382 1071 3474 capuitioue
1084 3378 1208 3475 didici,
1227 3385 1301 3452 sta-

207 3476 261 3546 tui
276 3473 435 3548 Domino
449 3480 611 3570 propitio
637 3502 719 3550 cum
736 3478 808 3568 fide
826 3480 1061 3576 perscribere,
1085 3487 1186 3553 tauto
1211 3503 1301 3553 sane

207 3576 376 3672 effusius,
403 3584 540 3672 quauta
566 3578 713 3651 uberius
738 3580 949 3674 suppeditat
971 3580 1164 3653 scribenda
1180 3588 1301 3675 pesta-

207 3698 290 3749 rum
306 3683 433 3749 nostro
460 3684 618 3772 tempore
644 3703 765 3752 rerum
788 3680 1013 3777 mapuitudo.
1059 3681 1133 3754 Nec
1157 3680 1209 3753 ad
1231 3681 1301 3754 boc

208 3800 300 3868 opus
317 3782 500 3851 temeritas
517 3780 700 3875 impulsat,
724 3781 789 3853 sed
801 3785 1051 3876 praeceptoris
1067 3786 1137 3855 mei
1153 3807 1299 3855 venera·

208 3876 301 3972 bilis,
321 3878 469 3951 Geroldi
487 3883 656 3975 episcopi,
682 3880 841 3954 adducit
850 3886 1058 3978 persuasio,
1082 3886 1144 3981 qui
1156 3886 1300 3978 primus

207 3977 445 4051 Lubeceusem
464 3979 652 4052 ecclesiam
676 3985 764 4068 fecit
788 3986 963 4079 iusipuem
990 3985 1167 4058 cathedra
1190 3985 1301 4057 simul

207 4083 243 4149 et
258 4078 364 4152 clero.

209 4304 232 4374 1)
252 4306 269 4359 i.
285 4324 309 4360 e.
330 4306 473 4362 creatione.
549 4312 575 4379 2)
597 4310 667 4364 Psoi.
687 4312 730 4376 35,
746 4312 772 4365 7.
847 4314 873 4382 3)
893 4314 911 4366 i.
926 4330 950 4367 o.
971 4314 1060 4367 aristis.
