3000 4900
254 439 301 510 10
389 429 638 505 nonnoool
666 409 909 504 conones
936 425 1204 508 snnvoRon.

249 635 291 707 In
317 634 388 708 bac
414 633 569 708 editione
592 656 687 731 qnae
706 631 852 726 prodiit
865 632 1028 706 Lubeoae
1053 655 1089 706 a.
1119 631 1342 727 monaque

251 735 409 808 Statium
428 734 634 808 Wesselium
651 737 688 808 in
702 737 736 807 4.
762 733 969 829 Banqertns
985 756 1075 806 usus
1088 741 1143 807 est
1153 733 1341 807 codicibus

249 835 492 909 Helmoldinis
512 840 543 908 1.
555 838 634 931 23,
652 833 865 908 Arnoldinis
880 837 916 908 2.
928 837 961 907 4.
973 835 1007 908 5.
1018 840 1052 909 8.
1064 838 1100 931 9,
1123 833 1341 908 editionibus

250 943 286 1009 et
309 936 509 1009 Schorlelii
539 941 573 1008 et
593 937 782 1008 Reineccii.
829 934 1005 1007 Errorem
1033 934 1339 1032 molestissimum,

249 1039 312 1134 qui
327 1061 354 1108 a
370 1037 557 1110 Reinecoio
577 1035 713 1108 editore
730 1039 768 1108 in
785 1037 945 1108 numeris
967 1035 1145 1108 librorum
1162 1038 1338 1130 capitum·

130 1203 135 1213 ,.
248 1162 317 1234 que
343 1143 425 1210 erat
446 1139 672 1232 commissus,
703 1136 911 1231 Ranqertus
935 1141 1079 1209 secutus
1105 1142 1168 1231 est,
1194 1135 1260 1208 sed
1284 1139 1338 1209 itu

247 1237 404 1335 quidem>
421 1245 465 1310 nt
477 1236 631 1311 Arnoldi
656 1236 746 1332 liber
758 1239 902 1331 primus
925 1236 1027 1308 initio
1051 1259 1202 1310 numero
1220 1239 1338 1333 tertio,

242 1345 375 1432 postca
403 1335 488 1411 vero
512 1361 662 1410 numero
694 1335 855 1410 secundo
881 1342 1030 1422 notatus
1054 1340 1110 1408 sit.
1155 1336 1279 1409 Multis
1304 1342 1341 1410 et

248 1439 334 1512 aliis
350 1444 467 1512 scatet
480 1438 570 1511 haec
588 1436 696 1511 editio
715 1439 822 1532 vitiis,
844 1459 939 1534 quac
955 1434 1011 1509 uel
1027 1461 1071 1509 ea
1088 1437 1213 1510 codice
1228 1438 1337 1510 Lubi-

247 1541 344 1612 censi
360 1538 547 1612 emendari
557 1541 769 1633 potuissent,
789 1538 1008 1633 oBanqerto
1019 1540 1250 1631 potissimum
1268 1537 1336 1610 od-

245 1638 368 1712 bibito.
412 1633 596 1713 Lectiones
622 1641 749 1711 variae
774 1637 822 1710 ab
840 1637 1031 1711 editorem
1049 1638 1150 1712 calce
1166 1645 1254 1711 sunt
1268 1638 1335 1710 ad·

246 1742 368 1813 iectoe.
404 1739 587 1812 Editionis
611 1739 719 1811 buius
742 1761 826 1810 cum
849 1745 990 1811 centum
1016 1742 1093 1826 fere
1111 1738 1335 1833 exemplaria

242 1842 390 1936 piqnori
406 1843 576 1936 apposita
594 1843 847 1935 comparasset
860 1838 930 1911 sibi
941 1839 1335 1912 PetrusBoelsmannus
1478 1863 1484 1872 ·

244 1940 444 2036 bibliopola
461 1941 669 2022 Lubicensis
685 1942 737 2012 Io.
758 1938 901 2012 Mulieri
912 1943 1148 2034 praefatione
1169 1964 1334 2038 nouoque

242 2040 347 2115 tilido
366 2048 500 2115 ornata
518 2065 553 2114 a.
576 2045 672 2116 1702
696 2047 873 2137 tanquam
889 2064 1024 2112 nouam
1041 2043 1228 2136 utriusque
1243 2044 1334 2113 scri-

237 2145 358 2236 ptoris
375 2141 567 2215 editionem
580 2145 785 2236 proposuit.
815 2140 922 2230 Quod
934 2140 974 2213 Α.
989 2140 1175 2234 Leopoldo
1193 2143 1220 2212 Ι.
1235 2140 1274 2213 U.
1284 2140 1330 2214 D.

241 2243 432 2315 Lubieensi
447 2242 628 2316 mediante
644 2246 786 2330 foetum
811 2265 887 2314 esse
912 2266 955 2314 ec
973 2241 1133 2336 epistolis
1160 2245 1236 2314 eius
1254 2245 1331 2338 qui·

242 2343 398 2416 busdam
415 2346 557 2417 ineunte
574 2367 609 2416 a.
632 2345 726 2417 1702
747 2341 800 2414 ad
816 2340 1009 2415 Mollerum
1033 2342 1180 2415 directis
1197 2367 1331 2439 coquo·

239 2448 363 2518 scitur.
656 2502 659 2507 -

316 2549 358 2642 4)
381 2545 515 2619 Ultima
531 2548 718 2643 utriusque
734 2547 924 2639 scriptoris
942 2543 1063 2640 editio,
1076 2566 1187 2641 quam
1200 2551 1330 2618 nostra

240 2650 381 2743 exeipit,
399 2650 503 2736 facta
522 2648 627 2719 estin
644 2646 810 2718 Leibnitii
835 2644 1043 2723 collectione
1061 2644 1237 2739 Scriptor.
1257 2670 1327 2718 rer.

238 2748 491 2821 Brunsviccns.
513 2748 548 2822 Τ.
562 2748 609 2842 11,
628 2750 690 2843 qui
706 2746 882 2840 Banqerli
899 2752 1034 2818 teutiem
1051 2747 1237 2818 erroribus
1254 2771 1329 2819 non

238 2847 436 2920 emendatis
461 2850 602 2941 repetiit
617 2850 777 2943 ¹itemque
807 2845 909 2919 dedit
928 2846 1092 2919 lectionis
1116 2850 1328 2920 varietatem

239 2949 368 3021 abillo
387 2952 424 3022 in
443 2949 542 3020 calce
568 2946 748 3020 additam.
795 2948 896 3038 (luae
920 2972 963 3023 ea
982 2948 1132 3019 Corneri
1155 2948 1326 3021 chronico

237 3056 414 3146 tanquam
431 3049 616 3121 meliorem
632 3046 787 3121 Arnoldi
811 3073 854 3121 ea
878 3048 1003 3121 codiee
1026 3071 1122 3121 nunc
1140 3048 1325 3142 deperdito

236 3152 480 3223 recensionem
510 3149 702 3222 adnotavit
726 3152 804 3235 fere
829 3148 966 3221 nullius
987 3152 1097 3243 pretii
1121 3156 1216 3245 sunt,
1243 3174 1326 3222 cum

237 3249 1326 3346 Cornerumoaldeimmutavisseutriusquescriptorisoerbo

235 3350 310 3423 alio
329 3350 411 3423 loeo
431 3350 807 3423 demonstraverimus.

309 3453 390 3523 Iam
402 3454 537 3545 paucis
555 3451 599 3523 de
615 3459 764 3524 nostroe
780 3449 966 3522 Helmoldi
985 3450 1160 3523 editionis
1183 3455 1326 3525 ratione

235 3558 291 3624 est
304 3551 497 3647 opendnm,
516 3562 590 3647 qua'
608 3554 665 3623 usi
682 3575 795 3647 penus
808 3550 1126 3625 Helmoldinornm
1144 3552 1324 3649 coelicum,

235 3651 369 3750 dequo
387 3654 489 3739 infra
508 3652 724 3747 dictumest,
748 3651 1010 3725 ordinavimus.
1046 3652 1096 3723 Et
1110 3655 1161 3723 ita
1180 3652 1325 3749 quidem

234 3755 370 3826 versati
392 3776 530 3848 sumus,
555 3760 596 3825 ut
617 3752 736 3825 codici
751 3752 993 3826 Boecleeliano
1013 3753 1075 3851 (1)
1100 3757 1244 3847 priores
1262 3757 1325 3826 tri·

236 3853 428 3927 buerentar
448 3861 597 3947 portes;
625 3853 775 3925 alterius
801 3860 930 3925 contra
959 3854 1165 3949 apoqrapbi
1189 3856 1325 3941 Hafni·

235 3958 330 4027 ensis
339 3954 415 4052 (1)
433 3957 620 4027 minimam
629 3957 788 4049 pretium
800 3954 963 4027 lectionis
980 3958 1155 4028 varietate
1167 3980 1236 4049 per
1249 3955 1323 4028 duo

234 4061 374 4128 tontum
399 4057 523 4150 cap-ita
557 4054 738 4128 adnotata
771 4058 846 4128 iam
872 4059 964 4128 satis
999 4059 1224 4128 enuntiatum
1249 4080 1325 4129 esse

234 4155 434 4229 videbatur.
479 4154 526 4228 Ut
540 4179 624 4229 cero
644 4155 927 4229 Scborltelianae
951 4155 1118 4229 editionis
1136 4156 1213 4251 (S.)
1238 4156 1324 4251 plus

232 4256 446 4330 haberemus
463 4259 653 4352 rationem,
679 4260 848 4352 coqnalio
876 4262 952 4330 eius
973 4260 1215 4354 propinquior
1241 4282 1323 4332 cum
