3000 4900
265 449 318 520 so
368 443 613 516 uutuotul
633 431 875 518 canonica
896 425 1161 516 suavorum.
1194 440 1281 513 ιιι.
1301 441 1325 512 1.

267 648 347 740 oiri,
367 645 515 716 debetur
530 642 745 740 qrotuiutio,
765 646 827 740 qui
840 643 892 716 ud
906 647 1144 716 ostensionem
1160 642 1365 719 benevolen-

265 748 313 818 tie
330 752 445 817 vestre
470 751 506 816 et
525 745 609 834 fidei
630 747 758 817 inuicte
782 744 927 840 ionqius
952 747 1108 841 venistis,
1133 745 1247 816 loturi
1263 743 1368 816 nobis

268 871 371 940 opem
390 851 520 917 contro
543 845 664 930 hostes
676 849 897 917 sevissimos.
935 843 1065 939 Sepius
1083 842 1227 942 quidem
1246 845 1369 938 occepi
1398 839 1403 855 ‘

264 953 412 1043 qustum
437 945 605 1022 uuducie
619 953 734 1019 oestre
752 953 787 1018 et
801 945 987 1034 fidelitatis
1007 949 1274 1041 experientiam,
1302 968 1369 1041 que

265 1051 304 1120 in
327 1046 481 1120 diuersis
493 1047 668 1141 periculis
685 1045 773 1118 mihi
792 1050 962 1144 frequens
989 1047 1144 1142 tucrum,
1171 1047 1273 1118 uobis
1290 1045 1368 1141 qlo-

266 1151 363 1220 riom
376 1151 582 1242 parturisse
601 1146 821 1243 dinoscitur,
839 1145 909 1220 sed
923 1147 1033 1220 nichil
1053 1151 1104 1220 itu
1126 1147 1255 1240 elucet,
1275 1150 1372 1218 sicut

265 1249 375 1321 huius
388 1248 590 1342 deuotionis
600 1248 780 1344 echititio,
798 1272 938 1342 semper
952 1251 1157 1321 memoriter
1168 1247 1367 1341 retinendo,

266 1374 407 1443 semper
431 1353 531 1421 omni
554 1347 676 1421 studio
690 1347 948 1443 promerendo.
985 1347 1121 1422 Notum
1139 1351 1250 1444 iqitur
1266 1348 1368 1420 uobis

234 1482 251 1536 χ
266 1454 387 1546 cupio,
413 1448 513 1547 quod
538 1450 646 1546 Itoni,
671 1449 722 1522 ud
746 1474 839 1546 quos
866 1449 976 1522 modo
1004 1449 1196 1545 tendimus,
1222 1447 1368 1521 directis

266 1551 320 1623 ud
345 1576 401 1623 me
419 1558 523 1624 nocte
542 1553 696 1646 nunciis,
715 1550 886 1629 ¹ducentis
904 1555 1040 1626 muccis
1062 1575 1193 1645 pacem
1211 1550 1369 1622 obtinere

270 1658 433 1748 querunt.
471 1651 590 1745 Super
606 1651 677 1723 ιιιιι
695 1675 733 1724 ιι
751 1650 862 1724 nichil
880 1651 967 1723 mihi
984 1655 1061 1724 sine
1077 1657 1202 1724 oestro.
1215 1649 1368 1724 consitio

266 1752 507 1842 definiendum
543 1752 616 1825 est:
659 1755 691 1824 si
727 1751 953 1826 decreveritis
989 1751 1270 1846 acceptandum,
1307 1775 1368 1823 uc·

266 1854 450 1949 cepiano,
466 1856 499 1925 si
515 1853 773 1949 recusandum,
792 1854 981 1927 recusabo.
1019 1855 1072 1926 Ad
1095 1856 1191 1951 quod
1212 1875 1368 1949 respon-

267 1957 402 2027 derunt
429 1955 599 2031 Saxones
629 1956 817 2028 dicentes:
856 1953 933 2026 Nos
959 1954 1115 2050 quidem,
1142 1977 1163 2026 o
1185 1955 1368 2048 princeps,

264 2055 351 2127 ιιιιι
365 2061 515 2128 numero
530 2059 644 2150 puerei
660 2058 786 2150 simus,
804 2055 956 2128 honoris
965 2061 1087 2127 tumen
1102 2061 1210 2151 utque
1227 2055 1369 2126 uirtutis

165 2201 171 2210 ·
267 2155 391 2327 cupidi
410 2156 571 2272 plurium
590 2180 662 2251 pro
689 2163 815 2253 questu
834 2159 996 2228 monimo
1016 2156 1198 2227 ducimus.
1236 2154 1369 2226 'Bonos

265 2258 316 2350 iqi
317 2262 387 2350 tur,
406 2256 595 2352 quiritium
603 2265 710 2329 tuum
729 2255 940 2329 occiderunt
939 2312 950 2352 ,
926 2263 1036 2349 tpro
1052 2256 1214 2328 ducentis
1233 2256 1369 2327 marcis

263 2359 302 2429 in
319 2360 480 2530 qratiam
497 2357 722 2465 recipiendos
740 2364 866 2429 nostro
810 2356 1043 2429 ctonsitio
1070 2355 1187 2428 dicis?
1229 2356 1366 2428 Reueru

265 2461 405 2531 nomini
424 2465 486 2531 tuo
502 2484 637 2632 muqno
650 2451 834 2555 condiqno
849 2459 1079 2545 satisfactio!
1104 2456 1208 2530 Absit
1192 2464 1247 2531 tu
1261 2456 1366 2529 nobis

263 2558 382 2631 tuiis
369 2562 517 2656 iniuria,
536 2566 578 2632 ut
592 2582 766 2658 umquam
785 2563 866 2647 fact
865 2585 885 2633 o
850 2560 963 2633 thui
951 2585 984 2632 ιι
1002 2562 1256 2633 ossentiomur.
1293 2556 1367 2628 Nec

267 2663 361 2731 enim
379 2659 460 2732 ideo
480 2682 624 2757 unores,
643 2662 751 2757 filios,
771 2661 921 2763 denique
936 2664 1081 2755 patrius
1099 2658 1202 2733 sedes
1220 2659 1364 2755 reliqui-

266 2783 359 2856 mus,
386 2767 429 2831 ut
451 2760 614 2834 hostibus
641 2787 721 2834 cour
710 2762 963 2835 ιιιιιιοιιιιιι
929 2786 946 2833 ι
948 2761 1062 2851 tfitiis
1080 2764 1216 2833 nostris
1234 2783 1366 2854 oppro-

267 2860 385 2932 brium
403 2865 658 2956 sempiternum
675 2862 924 2936 hereditemus
960 2863 1052 2951 Quin
1066 2886 1117 2957 po
1120 2865 1192 2934 tius
1200 2885 1312 2957 perqe
1326 2866 1370 2931 ut

267 2964 402 3057 cepisti
378 2964 539 3035 itrunsi
557 2988 721 3060 more,u
724 2970 796 3036 tere
811 2988 886 3081 pon
888 2970 931 3059 te,
954 2986 1058 3059 quem
1075 2966 1208 3036 ιιιιιιιι
1192 2962 1286 3035 ttibi
1304 2960 1366 3055 bo-

197 3058 201 3064 ’
263 3084 335 3134 nus
355 3019 500 3160 uitifeu,
519 3063 845 3137 udmooeinimicis
862 3067 932 3136 tuis
950 3088 1091 3136 munus
1130 3062 1268 3136 Videbis
1289 3046 1367 3157 qlo-

264 3166 406 3234 riosum
424 3172 576 3247 mortem
593 3165 698 3237 nobis
716 3168 877 3237 monimo
897 3188 973 3237 esse
990 3164 1105 3236 tuero
1146 3166 1212 3237 His
1233 3166 1367 3236 adhor-

265 3264 468 3337 tationibus
497 3266 699 3363 animatuS,
727 3268 903 3363 princeps
928 3265 1046 3339 movit
1070 3277 1191 3337 castra
1216 3259 1365 3338 deloco

266 3364 351 3459 isto,
371 3377 408 3437 ιι
429 3370 595 3479 perrexit
618 3370 662 3439 ad
688 3390 801 3438 marc
845 3368 1002 3440 Tractus
1024 3378 1148 3439 autem
1169 3366 1231 3438 itte
1251 3365 1366 3437 inuris

268 3467 512 3562 contractior,
543 3478 580 3539 ιι
612 3468 672 3565 qui
700 3468 782 3540 visu
813 3468 919 3539 traici
947 3479 1095 3566 potest,
1123 3492 1166 3539 eo
1195 3479 1367 3564 tempor<

267 3576 407 3639 stratus
429 3578 509 3640 erat
523 3568 644 3664 glacie
664 3568 903 3683 firmissima,
906 3574 1065 3683 propter
1084 3569 1273 3641 fervorem
1290 3566 1368 3639 hie-

164 3745 167 3747 ,
267 3666 351 3739 mis
387 3668 598 3766 Statimque
616 3668 679 3742 ubi
700 3670 935 3745 transmissis
952 3671 1056 3743 silvis
1080 3680 1116 3742 et
1136 3667 1367 3745 arundinetis

266 3779 454 3840 venerunt
475 3792 590 3882 super
611 3795 740 3867 maro,
768 3796 857 3844 ecce
880 3771 953 3844 iilic
972 3771 1126 3869 agmina
1143 3771 1365 3845 Sclavoium

267 3870 314 3941 de
346 3870 533 3942 univorsis
560 3827 762 3968 provinciis
789 3872 925 3947 diffusa
950 3883 1057 3945 erant
1088 3897 1203 3971 super
1229 3872 1368 3945 faciem

266 3970 398 4067 maiis,
431 3972 602 4043 distincta
631 3998 700 4071 per
723 3974 858 4047 uexilla
885 3986 921 4046 et
941 3999 1097 4071 cuneoS,
1129 3974 1368 4073 expectantia

266 4070 474 4146 iussionem
490 4071 603 4170 rogis.
630 4076 793 4173 Eratque
812 4075 1235 4173 exorcitusitlegrandis
1248 4077 1367 4149 vaide

266 4171 450 4247 Omnibus
474 4174 587 4272 igitur
611 4188 719 4249 ιιιιιι
744 4188 780 4250 ιι
802 4177 971 4250 ordinate
996 4177 1247 4276 persingulas
1264 4176 1367 4252 acies

266 4275 574 4373 consistentibus,
590 4278 658 4351 soli
674 4282 787 4352 duces
804 4278 951 4376 egressi
963 4289 1050 4351 sunt
1065 4280 1109 4350 ad
1126 4280 1368 4353 salutandum
