3000 4900
286 410 368 483 ⁴220
418 388 662 480 uuuuouur
680 405 920 481 onnourcn
939 386 1208 479 sunvoxun'.
1240 400 1328 475 nro.
1351 399 1394 473 n.

286 606 442 680 'viduam
449 606 654 679 Fretherici
668 604 890 680 nobilissimi
901 603 1079 703 principis
1094 606 1141 677 de
1152 604 1395 699 Rodenburg7

287 710 400 781 daret
416 703 492 778 lilio
512 729 596 802 suo,
623 706 686 804 qui
704 706 778 779 iam
798 706 1020 804 designatus
1038 714 1119 779 erat
1143 728 1223 817 rex,
1247 702 1283 774 in
1302 726 1395 773 uxo-

289 806 406 880 reml.
443 807 660 880 lnterventu
680 808 805 905 itaque
826 829 1052 903 magnorum
1071 803 1282 903 principum
1304 825 1395 875 con-

257 924 262 928 ’
292 906 413 981 sensit
428 909 502 979 dux
521 917 559 980 et
577 907 679 980 misit
691 905 807 979 lilium
825 930 935 981 suam
950 908 986 978 in
1001 929 1162 1003 regnum
1176 905 1394 998 Danorum3

286 1018 330 1081 et
348 1008 447 1080 facta
467 1018 527 1081 est
550 1007 666 1081 letitia
686 1030 825 1104 magna
845 1008 881 1079 in
901 1006 1074 1079 omnibus
1094 1005 1241 1105 populis
1259 1008 1395 1078 borea-

286 1108 382 1180 lium
402 1107 611 1204 nationum,
635 1108 844 1181 iocunditas
864 1119 902 1181 et
919 1132 992 1206 pax
1011 1106 1123 1181 simul
1142 1115 1222 1178 orla
1241 1114 1309 1177 est.
1332 1104 1395 1176 'Et

292 1218 478 1281 mutatum
505 1219 565 1281 est
588 1209 754 1305 gelidum
775 1209 862 1282 illud
883 1209 1001 1306 frigus
1021 1206 1206 1304 aquilonis
1225 1204 1263 1276 in
1281 1204 1393 1277 lenes

265 1308 411 1382 austri
436 1307 547 1381 llatus
574 1320 612 1381 et
636 1308 803 1382 cessavit
830 1309 945 1382 maris
973 1306 1120 1381 vexatio
1141 1316 1179 1379 et
1196 1308 1395 1377 detumue-

288 1420 378 1481 runt
396 1409 561 1507 procelle
578 1418 861 1508 tempestatum.
896 1410 942 1482 Et
960 1417 1095 1507 pacata
1115 1416 1173 1480 est
1190 1405 1249 1478 via
1269 1414 1395 1477 trans·

287 1508 466 1583 euntibus
499 1534 520 1581 a
551 1508 671 1582 Dania
708 1510 744 1581 in
778 1509 991 1605 Sclaviam,
1034 1518 1071 1582 et
1102 1507 1394 1583 ambulaverunt

188 1618 192 1624 ’
292 1609 470 1683 mulieres
499 1620 537 1681 et
560 1609 706 1706 parvuli
733 1633 802 1708 per
829 1633 914 1683 eam
941 1632 985 1682 eo
1006 1610 1102 1706 quod
1123 1611 1298 1681 submota
1316 1605 1394 1679 sint

292 1708 519 1782 offendicula
547 1718 594 1781 'et
623 1710 831 1784 defecerint
861 1711 1048 1808 predones
1077 1708 1114 1781 in
1142 1708 1212 1781 via.
1257 1706 1391 1781 Omnis

286 1809 394 1882 enim
414 1810 635 1883 Sclavorum
654 1810 760 1908 regio
779 1810 963 1909 incipiens
982 1814 1028 1883 ab
1047 1810 1214 1907 regnora,
1242 1807 1304 1905 qui
1331 1816 1394 1881 est

288 1909 402 1986 limes
422 1910 529 2007 regni
548 1912 755 2005 Dunorum⁷
778 1922 815 1985 et
834 1912 1045 1984 extenditur
1068 1910 1166 1982 inter
1185 1932 1289 1980 mare
1309 1906 1392 1980 Bal-

292 2011 433 2084 thicum
455 2022 493 2083 et
504 2010 651 2085 Albium
664 2035 734 2110 per
746 2012 990 2109 longissimos
1005 2010 1148 2083 tractus
1162 2033 1283 2106 usque
1297 2009 1391 2081 Zve-

287 2110 362 2203 rin,
381 2110 469 2183 olim
488 2111 632 2185 insidiis
649 2112 798 2185 horrida
814 2121 852 2184 et
865 2136 963 2211 pene
980 2114 1144 2206 deserta,
1162 2132 1263 2181 nunc
1276 2112 1390 2181 dante

291 2212 371 2283 Deo
390 2220 467 2283 tota
487 2214 637 2285 redacta
666 2222 726 2285 est
744 2212 919 2285 veluti-in
945 2236 1059 2284 unam
1078 2210 1270 2284 Saxonum
1291 2209 1389 2282 colo-

290 2310 405 2407 niam,
431 2322 469 2385 et
486 2311 815 2401 instruuntur-illic
835 2312 1006 2386 civitates
1027 2322 1064 2385 et
1082 2312 1217 2409 oppida
1240 2321 1276 2383 et
1296 2310 1394 2382 mul·
1489 2360 1490 2399 3

289 2411 504 2509 tiplicantur
522 2413 684 2487 ecclesie
704 2424 742 2486 et
767 2437 947 2487 numerus
968 2411 1224 2486 ministrorum
1240 2410 1390 2488 Christi.

290 2512 494 2585 Pribizlaus
510 2538 658 2612 quoque
672 2515 842 2613 deposita
860 2514 1032 2587 diuturne
1046 2512 1261 2586 rebellionis
1277 2512 1388 2585 obsti·
1488 2551 1489 2560 κ

291 2613 413 2710 nacia,
440 2614 565 2687 sciens
585 2614 674 2713 quia
689 2639 765 2687 non
786 2615 937 2713 expedit
955 2615 1023 2688 sibi
1043 2613 1238 2686 calcitrare
1258 2615 1388 2686 adver·

292 2737 358 2786 sus
383 2713 614 2812 stimulum²‚
641 2715 739 2789 sedit
763 2715 911 2813 quietus
931 2727 969 2788 et
996 2724 1195 2787 contentus
1223 2712 1387 2786 funiculo
1488 2737 1489 2784 3

290 2813 474 2911 portionis
502 2815 571 2888 sibi
597 2815 785 2914 permisso
805 2826 843 2889 et
862 2815 1049 2890 edificavit
1067 2819 1179 2888 urbes
1199 2813 1387 2888 blekelen-

190 2914 193 2921 “
290 2917 404 3011 burg,
433 2917 561 2989 Ylowe
593 2928 631 2988 et
657 2917 819 2989 Rozstoc
851 2927 889 2988 et
920 2915 1117 2989 collocavit
1147 2913 1184 2985 in
1216 2914 1385 2988 terminis

284 3038 423 3087 eorum
437 3015 658 3089 Sclavorum
673 3018 845 3114 populos.
877 3018 922 3090 Et
940 3015 1028 3115 quia
1040 3015 1262 3089 Sclavorum
1276 3015 1388 3088 latro-

291 3139 360 3186 nes
380 3115 637 3212 inquietabant
650 3117 877 3190 Teutonicos
892 3118 953 3214 qui
970 3115 1186 3191 babitabant
1198 3115 1333 3188 Zverin
1349 3125 1386 3188 et

285 3215 328 3286 ¹in
351 3214 524 3288 terminis
549 3216 654 3313 εἰιιε,Ι
678 3215 935 3292 Guncelinus³
960 3217 1151 3315 prefectus
1178 3215 1303 3314 castri,
1330 3215 1386 3287 vir

289 3314 395 3386 fortis
416 3316 749 3414 etsatellesducis,
769 3317 961 3391 mandavit
975 3317 1068 3412 suis,
1087 3326 1128 3389 ut
1141 3340 1384 3414 quoscunque

290 3414 511 3489 Sclavorum
536 3415 773 3492 invenissent
796 3418 1017 3491 incedentes
1038 3440 1107 3515 per
1129 3417 1233 3515 avia,
1252 3417 1382 3514 quibus

287 3538 365 3586 non
385 3527 490 3590 esset
508 3517 664 3592 evidens
683 3519 792 3615 ratio,
807 3529 936 3617 captos
954 3519 1080 3591 statim
1098 3518 1303 3615 suspendio
1322 3541 1384 3590 ne-

284 3627 430 3786 perent.
458 3618 504 3690 Et
522 3617 671 3692 cohibiti
691 3629 779 3692 sunt
797 3617 1121 3718 utcunqueSclavi
1142 3643 1163 3691 a
1182 3618 1290 3692 furtis
1310 3628 1382 3691 eta

283 3769 286 3773 ›
302 3716 504 3790 atrociniis.

289 3849 302 3902 1
334 3869 372 3905 oc.
395 3869 419 3908 a.
441 3851 521 3908 1171.
548 3871 573 3908 r.
592 3853 664 3910 Anu.
690 3852 816 3912 Stadens.
843 3856 870 3911 b.
890 3873 920 3920 ις
946 3855 1018 3911 Anu.
1044 3854 1141 3911 Colon.
1166 3874 1233 3911 max.
1258 3872 1284 3911 u.
1306 3854 1381 3910 1172.

287 3923 307 3974 2
335 3923 403 3980 Acta
422 3923 545 3996 Apostol.
562 3945 585 3982 r.
606 3927 632 3984 9.
652 3946 677 3982 v.
697 3929 723 3982 5.
740 3930 787 3986 26.
808 3945 833 3984 v.
849 3927 893 3984 14.
968 3929 996 4002 3)
1014 3927 1167 3985 Guncelino
1186 3931 1219 3982 ab
1238 3926 1379 3986 Helmoldo

288 3995 381 4051 titulus
405 3999 510 4054 comitis
535 4000 657 4072 nuspiam
679 4002 815 4070 tribuitur,
841 4002 888 4075 qui
908 4010 997 4057 tamen
1017 4004 1044 4056 in
1064 4002 1163 4056 chartis
1178 4002 1241 4056 inde
1260 4004 1292 4056 ab
1313 4021 1378 4057 anno
1476 4015 1486 4089 ,ᾗ

286 4067 358 4122 1161
372 4071 406 4126 ‚ei
425 4073 597 4137 adscribitur.
627 4074 661 4130 V.
682 4074 710 4128 iu
729 4073 921 4146 Mellenburg.
942 4074 974 4130 U.
996 4074 1027 4130 ll.
1047 4074 1069 4142 l,
1089 4093 1116 4130 u.
1135 4073 1181 4129 88.

599 4251 1090 4285 *-
