3000 4900
278 459 328 534 22
381 455 632 530 nunnonm
651 455 896 529 onnomcn
914 453 1183 528 suavonuu.
1210 455 1299 530 nm.
1314 449 1358 528 1:

277 658 403 755 itaque
429 657 572 731 sensim
603 656 726 730 divine
754 655 889 828 grattie
910 655 1152 729 incrementis
1190 655 1227 728 in
1262 668 1376 754 gente
1485 742 1486 747 η

280 758 486 855 Danorum⁷
528 757 627 855 cepit
660 756 894 830 memoratus
922 757 1094 861 pontifex
1115 781 1254 855 magno
1282 757 1376 830 desi·

280 859 382 931 derio
411 883 612 956 assurgere
641 858 686 930 ad
714 856 909 930 Sueonum
943 857 1240 930 conversionem
1294 858 1375 930 Hoc
1485 878 1486 937 t

278 959 350 1032 iter
375 960 534 1062 arduum
560 983 629 1056 per
647 982 688 1031 se
707 957 832 1055 ipsum
852 981 1070 1055 aggressus7
1098 957 1205 1056 petiit
1190 958 1375 1030 tlitteras

281 1070 318 1133 et
336 1059 514 1132 nuncium
532 1056 634 1156 regis
654 1059 860 1171 banorum,
887 1059 1156 1156 profectusque
1175 1083 1261 1130 cum
1280 1059 1375 1130 mul·
1486 1044 1488 1137 l

277 1159 326 1232 tis
351 1159 520 1232 navalit
493 1171 520 1231 rt
522 1159 626 1232 inere
655 1159 825 1256 pervenit
852 1158 897 1230 ad
923 1158 1102 1255 Byrcam‚
1127 1158 1375 1271 principalem
1486 1166 1487 1237 l

278 1259 416 1334 Suedie
436 1261 637 1333 civitatem.
685 1259 754 1331 Ubi
778 1260 897 1331 multo
923 1259 1052 1332 favore
1073 1269 1110 1332 et
1131 1258 1223 1332 letit
1198 1270 1250 1331 tra
1269 1284 1375 1333 exce-
1486 1276 1487 1289 ¹

277 1371 364 1459 ptus
393 1370 450 1434 est
476 1360 656 1458 fidelium,
692 1384 787 1455 quos
814 1359 895 1457 ipse
924 1360 1113 1455 quondam
1141 1369 1228 1432 ante
1254 1359 1375 1457 ponti·
1487 1394 1489 1457 ς

278 1461 413 1533 licatus
444 1462 641 1557 honorem,
674 1459 739 1531 illo
771 1459 985 1557 predicator
1011 1459 1187 1544 directus
1224 1459 1373 1532 Christo
1487 1464 1488 1533 ζ

279 1561 524 1658 acquisierat
554 1559 713 1633 obtinuit
698 1569 787 1656 tque
812 1559 909 1657 apud
935 1585 1077 1658 regem,
1103 1570 1145 1632 ut
1161 1560 1374 1633 volentibus
1487 1556 1488 1581 ³

280 1661 530 1734 christianitat
476 1660 562 1732 ttis
582 1684 778 1733 assumere
797 1660 948 1732 titulum
967 1660 1085 1734 libera
1098 1671 1246 1757 pateret
1258 1662 1375 1734 facul
1488 1744 1490 1761 μ

184 1835 186 1838 ,
278 1773 348 1834 tas.
393 1762 489 1834 Dato
511 1787 601 1858 ergo
622 1760 817 1834 inSuedia
845 1759 1068 1858 episcopoe
1047 1761 1373 1857 etsacerdotibus,

280 1861 341 1958 qui
360 1862 441 1935 vice
461 1887 530 1934 sua
548 1862 691 1934 divinas
711 1885 772 1934 res
792 1872 829 1934 et
847 1862 976 1959 populi
1004 1861 1167 1934 salutem
1186 1873 1373 1958 curarent,
1488 1876 1489 1939 ἲ

280 1972 317 2036 et
336 1963 506 2061 singulos
525 1962 570 2035 ad
596 1962 683 2036 fidei
708 1961 1029 2060 perseverantiam
1055 1963 1294 2059 adhortatus,
1318 1987 1375 2035 re·

278 2087 410 2136 versus
431 2073 488 2136 est
473 2063 551 2135 tad
578 2062 771 2160 propriam
797 2063 937 2135 sedem.
990 2064 1045 2134 Ab
1070 2087 1114 2134 eo
1140 2062 1209 2160 igit
1211 2088 1255 2134 ur
1282 2073 1376 2136 tem·
1489 2092 1491 2151 5

279 2187 371 2260 pore
398 2162 536 2236 iactum
558 2187 687 2236 semen
714 2163 818 2236 verbi
842 2162 947 2234 Dei
937 2188 974 2233 m
1002 2163 1152 2261 populis
1180 2163 1373 2235 Danorum

280 2273 392 2377 atque
420 2263 613 2337 Sueonnm
641 2263 793 2336 uberius
816 2263 1044 2336 fructificare
1073 2264 1182 2361 cepit.
1236 2265 1375 2350 Quam-

279 2364 335 2437 vis
371 2363 470 2436 enim
495 2364 531 2435 in
559 2364 700 2436 eisdem
729 2364 903 2463 gentibus
932 2363 1039 2436 multi
1011 2374 1152 2462 ttpos
1137 2365 1307 2436 tmodum
1331 2364 1375 2435 ti·

280 2466 386 2537 ranni
406 2466 647 2539 surrexerint
641 2491 729 2563 qm
722 2464 1011 2538 crudelitatem
1027 2490 1134 2537 suam
1155 2490 1230 2537 non
1249 2466 1375 2537 solum
1490 2459 1492 2518 3

280 2566 317 2638 in
332 2566 567 2638 christicolas
583 2591 650 2639 sue
665 2566 801 2664 gentis7
820 2566 885 2639 sed
905 2566 1017 2639 etiam
1033 2566 1071 2637 in
1090 2576 1238 2639 exteras
1257 2566 1376 2638 natio·

280 2691 347 2739 nes
368 2667 612 2761 extenderint,
631 2668 741 2739 datur
759 2677 886 2739 tamen
905 2666 1076 2763 intelligi,
1092 2667 1375 2739 christianitatis

280 2767 431 2839 titulum
449 2778 536 2864 post
553 2767 717 2864 primum
736 2767 965 2839 fundationis
992 2791 1059 2840 sue
1077 2778 1227 2865 tempus
1247 2767 1284 2838 in
1303 2768 1376 2839 Da·

281 2868 342 2939 nia
361 2867 439 2941 sive
454 2866 593 2940 Suedia
608 2891 776 2963 eousque
791 2867 1040 2963 convaluisse,
1056 2878 1096 2938 nt
1116 2868 1186 2942 etsi
1202 2892 1376 2964 persecu·

280 2968 426 3040 tionum
444 2968 620 3065 procellis
639 2968 918 3066 impellentibus
934 2967 1132 3064 aliquando
1147 2968 1375 3065 titubaverit,

281 3094 473 3165 nunquam
492 3080 618 3141 tamen
638 3070 788 3167 penitus
808 3068 995 3142 exciderit.

358 3171 391 3241 6.
423 3167 476 3239 De
495 3173 726 3242 conversione
743 3170 982 3251 Ruionorurn.
1041 3169 1142 3242 lnter
1160 3193 1292 3241 omnes
1312 3195 1376 3241 au·

280 3279 356 3341 tem
384 3270 592 3341 borealium
619 3269 821 3342 nacionum
849 3270 1011 3368 populos
1039 3270 1122 3342 sola
1151 3266 1374 3341 Sclavorum

281 3369 473 3467 provincia
499 3372 681 3443 remansit
700 3370 835 3443 ceteris
855 3370 983 3442 durior
1009 3380 1121 3466 atque
1149 3372 1194 3442 ad
1223 3370 1376 3443 creden-

282 3470 370 3542 dum
394 3470 546 3542 tardior.
598 3470 695 3544 Sunt
721 3482 847 3543 antem
875 3470 996 3566 multi,
1025 3481 1206 3567 utsupra
1235 3470 1377 3543 dictum

282 3580 351 3664 est
370 3568 593 3644 Sclavorum
611 3572 753 3669 populi,
773 3596 933 3668 quorum
951 3571 1014 3667 hii„
1034 3570 1097 3667 qui
1116 3571 1378 3643 dicunturWi·

282 3670 360 3741 nuli
389 3671 467 3744 sive
485 3670 651 3768 Winithi7
678 3698 818 3769 magna
845 3698 891 3745 ex
913 3682 1021 3770 parte
1039 3671 1245 3768 respiciunt
1263 3672 1377 3743 Ham-

282 3774 613 3868 memburgensem
632 3774 882 3869 parrochiam.
933 3773 1028 3844 Nam
1048 3782 1174 3868 preter
1190 3771 1377 3844 honorem

282 3872 572 3969 metropolitane
592 3873 703 3968 sedis,
723 3898 796 3968 qua
815 3896 946 3945 omnes
967 3872 1145 3945 naciones
1165 3872 1243 3945 sive
1258 3897 1378 3969 regna

283 3971 546 4084 complectitur
571 3972 770 4069 aquilonis,
797 3974 977 4045 habett
937 3999 960 4044 u
963 3973 1065 4069 tique
1090 3973 1378 4045 Hammembur-

284 4072 411 4170 gensis
431 4072 591 4145 ecclesia
610 4073 839 4172 prescriptos
863 4073 1045 4145 terminos
1071 4097 1138 4145 sue
1164 4073 1377 4171 parrochie,

284 4172 455 4252 ultimam
481 4172 626 4246 scilicet
651 4185 799 4272 partem
818 4173 993 4267 δωιοηίθἸ
1021 4199 1093 4270 que
1118 4183 1176 4247 est
1192 4184 1297 4246 trans
1316 4172 1378 4245 Al-

283 4271 382 4344 biam
402 4284 439 4346 et
457 4272 591 4345 dicitur
604 4274 883 4370 Nordalbingia
900 4284 987 4345 cont
988 4274 1095 4347 inens
1109 4285 1186 4348 tres
1201 4275 1377 4373 populos,
