3000 4900
150 536 152 541 ¹
240 453 286 525 16
338 447 586 526 HELMOLDI
606 451 848 527 CHRONICA
868 451 1135 527 SLAVORUM.
1163 452 1294 526 LlB.l.

236 669 302 721 gens
321 650 460 706 honestior
478 662 522 707 aut
542 653 683 724 benignior
701 653 819 723 potuit
838 653 959 709 inveniri.
1005 650 1104 707 Civitas
1130 652 1176 706 illa
1196 652 1333 706 mercibus

236 725 356 778 omniurn
389 724 525 778 nationum
555 725 675 797 locuples
700 726 784 780 nichil
810 743 864 779 non
893 725 1017 779 babuit
1044 726 1154 780 iocundi
1179 725 1330 780 autrari1.

237 798 343 870 Hanc
374 797 561 872 civitatem
594 799 920 898 opulentissimam
953 798 1104 895 quidam
1136 799 1331 872 Danorum

237 923 315 995 rex,
338 899 503 972 maxima
527 901 649 974 classe
676 900 849 998 stipatus,
875 901 1042 972 funditus
1070 899 1250 974 evertisse
1275 922 1331 972 re·

237 997 386 1073 fertur².
439 1000 569 1074 Presto
598 1012 685 1073 sunt
709 1001 831 1076 adhuc
855 999 1007 1097 antique
1038 999 1138 1072 illius
1171 999 1331 1072 civitatis

237 1108 493 1172 monumenta.
534 1116 573 1170 lbi
594 1118 712 1172 cernitur
722 1115 861 1188 Neptunus
882 1117 994 1187 triplicis
1013 1126 1116 1173 nature.
1145 1116 1245 1170 Tribus
1261 1115 1332 1169 enim

238 1199 313 1252 iretis
332 1198 444 1252 alluitur
461 1199 507 1252 illa
526 1199 623 1262 insula,
643 1218 758 1273 quorum
780 1200 854 1253 aiunt
873 1218 955 1252 unum
971 1218 1030 1253 esse
1046 1198 1207 1252 viridissime
1223 1197 1333 1268 speciei,

226 1273 351 1398 ‘ptilpplprpm
371 1272 525 1336 subalbida,
552 1275 663 1328 tercium
685 1283 759 1327 motu
776 1274 924 1330 furibundo
944 1274 1078 1343 perpetuis
1098 1273 1166 1325 serit
1185 1280 1334 1342 tempesta-

312 1415 382 1470 Sunt
394 1427 420 1470 et
433 1416 479 1470 alii
493 1416 650 1471 Sclavornm
664 1418 766 1488 populi,
784 1417 829 1488 qui
843 1415 1042 1471 interOderam
1056 1426 1083 1470 et
1097 1416 1204 1470 Albiam
1224 1418 1334 1486 degunt,
1372 1397 1382 1412 ⁰

237 1487 405 1561 longoque
423 1490 499 1542 sinu
520 1492 558 1542 ad
579 1499 732 1544 austrum
753 1492 1026 1560 protenduntur,
1053 1489 1123 1542 sicut
1143 1487 1262 1542 Heruli
1283 1488 1334 1542 rel

238 1561 371 1627 llereldi‚
391 1563 516 1631 quisunt
533 1562 754 1616 iuxtallabolam
775 1563 894 1627 durium,
914 1561 942 1616 et
953 1561 1072 1626 Durani,
1090 1562 1209 1615 Leubuzi
1228 1572 1254 1615 et
1269 1560 1335 1615 Wi-

238 1652 297 1719 lini,
317 1652 460 1708 Stoderani
477 1671 537 1706 eum
561 1654 651 1706 multis
672 1653 760 1708 aliis4.
810 1638 899 1708 POSl
919 1636 1041 1710 Odere
1068 1636 1183 1734 igilur
1208 1637 1334 1709 lenem

239 1745 408 1809 meatum
424 1747 461 1808 et
473 1735 599 1809 varios
613 1736 908 1828 Pomeranorum
922 1738 1084 1835 populos
1103 1737 1148 1808 ad
1164 1735 1335 1809 occiden-

240 1837 357 1910 talem
376 1837 529 1934 plagam
548 1836 712 1910 occurrit
724 1836 962 1909 Winulorum
981 1836 1185 1935 provincia,
1202 1860 1335 1910 eorum

241 1936 303 2034 qui
330 1936 510 2010 Tholenzi
535 1936 613 2010 sive
633 1936 991 2010 Redariiodicuntur.
1038 1953 1137 2008 civitas
1157 1972 1250 2008 eorum
1269 1953 1336 2020 yut-

239 2036 374 2105 gatissima
396 2035 511 2097 Rethre,
530 2038 608 2091 sedes
626 2037 770 2107 ydolatrie.
799 2037 940 2107 Templum
957 2037 994 2090 ibi
1011 2055 1136 2105 magnum
1153 2045 1335 2089 constructum

241 2110 417 2174 demonibus,
442 2127 555 2181 quorum
585 2109 708 2179 princes
733 2120 775 2164 eet
793 2109 936 2179 Redegast.
970 2109 1149 2164 Simulacrum
1177 2109 1234 2162 eius
1260 2126 1336 2172 auro,

240 2180 325 2235 lectus
345 2182 404 2236 cius
423 2193 497 2236 ostro
516 2192 632 2252 paratus.
671 2128 772 2237 (linitas
796 2183 853 2254 ipsa
878 2201 974 2236 norem
1001 2183 1081 2236 babet
1107 2191 1196 2251 portas
1215 2182 1337 2253 undique

240 2255 302 2308 lacu
326 2256 459 2324 profundo
483 2255 610 2308 inclusas.
654 2255 725 2308 Pons
750 2255 856 2325 ligneus
880 2257 1020 2310 transitum
1046 2257 1155 2326 prebet,
1182 2273 1231 2324 per
1255 2272 1335 2325 quem

240 2336 343 2380 tantum
356 2329 570 2382 sacrificantibus
583 2336 629 2381 aut
647 2345 774 2398 responsa
788 2331 941 2399 petentibus
960 2330 1002 2383 via
1023 2329 1206 2383 conceditur⁵.
1230 2326 1338 2382 Deinde

241 2401 348 2454 renitor
365 2403 399 2454 ad
420 2399 576 2472 Circipanos
602 2409 630 2455 et
652 2400 789 2473 Kycinos,
813 2420 880 2475 quos
900 2420 914 2455 a
934 2401 1078 2457 Thulenzis
1103 2411 1131 2457 et
1149 2400 1263 2455 Redaris
1288 2419 1337 2455 se-

260 2484 317 2527 arat
336 2474 436 2528 llumen
449 2474 530 2529 Panis
550 2484 576 2528 et
594 2475 687 2529 civitas
704 2473 824 2532 Dimine.
851 2476 950 2547 Kycini
971 2484 998 2530 et
1014 2473 1150 2545 Circipani
1173 2474 1212 2528 eis
1231 2473 1337 2537 panim,

241 2492 370 2601 ibotenzt
390 2557 416 2602 et
436 2547 534 2603 Redari
555 2556 628 2601 trans
646 2547 741 2601 Panirn
760 2548 887 2603 habitant.
908 2548 956 2602 flii
977 2559 1093 2620 quatuor
1112 2547 1202 2618 populi
1223 2565 1238 2600 a
1256 2548 1337 2602 lorti-

242 2621 335 2673 tudine
355 2620 435 2673 Wilzi
461 2622 518 2675 sire
538 2619 625 2674 turici
651 2622 828 2691 appellantur.
866 2620 941 2675 Ultra
970 2622 1032 2675 illos
1057 2631 1119 2675 sunt
1139 2619 1291 2689 linguoues
1310 2630 1338 2675 et

242 2692 382 2747 Warnari.
430 2692 488 2747 Hos
507 2703 635 2748 secuntur
654 2691 787 2759 Obotriti,
814 2695 907 2748 civitas
933 2712 1025 2748 eorum
1045 2693 1232 2761 Mikilinburg.
1271 2693 1337 2749 lnde

242 2782 335 2819 versus
360 2784 409 2820 nos
435 2764 547 2830 Polabi,
578 2768 671 2819 civitas
697 2785 789 2820 eorum
816 2766 995 2837 Racisburgl.
1055 2766 1136 2821 lude
1165 2767 1339 2820 transitur

243 2838 377 2892 llurius
406 2837 559 2893 Trarena
589 2839 622 2891 in
648 2850 801 2894 nostram
829 2837 1067 2909 Wagirensem
1092 2839 1358 2910 provinciam'.'

243 2910 344 2965 Civitas
370 2911 471 2964 huius
496 2912 682 2981 provincie
708 2913 876 2985 quondam
903 2914 970 2966 suit
989 2913 1147 2983 Aldenburg
1174 2912 1339 2967 maritima⁸.

243 2982 313 3038 Sunt
331 2994 357 3038 et
376 2984 463 3038 insule
488 2983 637 3039 Balthici
658 2987 774 3049 maris,
800 3004 852 3057 que
871 2986 1076 3040 incoluntur
1095 3004 1109 3038 a
1130 2984 1246 3050 Solaris,
1267 3003 1340 3056 qua-

244 3074 303 3110 rum
323 3075 375 3111 una
397 3058 512 3112 Vemere
535 3067 654 3112 vocatur.
705 3058 765 3113 llec
787 3060 908 3130 opposita
933 3070 973 3112 est
992 3058 1123 3129 Wagiris,
1149 3056 1185 3110 ita
1205 3068 1234 3111 ut
1253 3058 1339 3112 videri

243 3128 329 3200 possit
347 3129 516 3199 Aldenburg.
553 3129 646 3185 Altera
667 3132 770 3195 insula,
790 3132 895 3202 longe
914 3133 1039 3195 maior,
1066 3141 1106 3185 est
1125 3140 1216 3183 contra
1236 3130 1340 3185 Wilzoe

243 3204 345 3273 posita,
365 3220 445 3273 quam
465 3202 588 3257 incolunt
600 3203 669 3257 Rani
678 3244 684 3266 ,
704 3205 749 3274 qui
767 3215 793 3258 et
805 3204 916 3268 Roiani,
936 3222 1001 3274 gens
1015 3204 1159 3258 fortissima
1173 3202 1339 3267 Sclarorum.

244 3275 303 3346 qui
330 3275 397 3329 soli
421 3276 549 3335 babent
574 3294 703 3345 regern,
729 3286 802 3331 extra
826 3296 940 3350 quorum
959 3279 1121 3332 sententiam
1140 3277 1224 3330 nichil
1242 3278 1284 3346 agi
1305 3278 1340 3329 de

243 3348 358 3420 publicis
378 3349 458 3403 rebus
479 3349 518 3403 las
538 3358 590 3403 est:
610 3354 679 3404 adeo
699 3360 855 3404 metuuntur
874 3361 981 3421 propter
1001 3350 1207 3404 familiaritatem
1228 3351 1341 3405 deorum

243 3421 285 3475 sel
309 3422 398 3494 potius
422 3424 581 3487 demonum,
614 3440 681 3493 quos
708 3425 803 3477 maiori
828 3441 876 3495 pre
899 3425 996 3478 ceteris
1019 3424 1124 3478 cultura
1149 3425 1341 3478 veneranturl.

244 3493 306 3567 Hii
329 3494 444 3593 igitur
462 3506 550 3568 sunt
566 3496 805 3570 Winulorum
826 3497 967 3596 populi,
987 3496 1114 3570 diffusi
1132 3522 1201 3594 per
1218 3496 1340 3595 regio-

244 3618 313 3669 nes
328 3606 365 3669 et
379 3596 592 3694 provincias
612 3605 650 3670 et
665 3596 809 3671 insulas
828 3598 955 3671 maris.
987 3597 1109 3671 Omne
1127 3597 1200 3669 hoe
1218 3595 1340 3669 homi·

246 3720 338 3769 num
352 3720 485 3795 genus,
503 3696 726 3793 ydololatrie
746 3698 863 3771 cultui
881 3697 1060 3796 deditum,
1084 3722 1225 3795 vagum
1244 3722 1342 3771 sem·

249 3860 275 3931 l)
293 3860 326 3915 ln
344 3865 417 3916 cuiue
436 3865 503 3916 ostio
525 3890 558 3901 -
579 3865 625 3916 aut
645 3864 706 3916 rori
732 3870 796 3915 sunt
821 3862 878 3914 lere
907 3862 987 3916 verba
1007 3860 1106 3915 ddami
1131 3861 1150 3916 l.
1166 3859 1202 3915 ll.
1227 3879 1284 3932 eap.
1298 3858 1341 3915 ts.

247 3932 274 4004 2)
296 3932 376 4021 Conl.
396 3933 478 3987 sclrol.
493 3934 538 3985 57.
551 3938 590 4020 ’ad
611 3933 708 3989 Adam.
728 3933 746 3987 l.
767 3933 802 3988 ll.
822 3953 845 3988 c.
859 3935 905 3987 74.
998 3934 1024 4004 ³l
1044 3936 1085 3989 lor·
1102 3938 1343 3990 cernitur-lem-

245 4005 1341 4150 tttllt‘ntltffflljliabitas„illbtstltttltlttlltss

248 4152 276 4223 6)
296 4154 397 4208 Danda
412 4182 447 4193 -
463 4154 609 4223 Rectadury
633 4171 664 4209 ex
687 4152 794 4207 Adamo
819 4153 838 4208 1.
851 4151 886 4206 ll.
905 4172 930 4207 c.
946 4151 980 4205 18
1005 4162 1033 4206 et
1050 4153 1154 4207 scholio
1176 4152 1223 4213 17.
1251 4170 1341 4207 rerum

248 4226 343 4279 ordine
362 4242 505 4297 parumper
524 4236 633 4279 mutato.
702 4226 729 4297 7)
750 4224 829 4279 Coni.
848 4225 933 4279 scbol.
950 4225 982 4279 13
1001 4227 1035 4278 ed
1051 4225 1150 4282 Adam.
1170 4225 1189 4283 l.
1202 4224 1238 4280 ll.
1257 4244 1282 4281 c.
1298 4224 1342 4279 15.

246 4296 275 4368 8)
294 4294 335 4351 Ex
354 4297 452 4355 Adrmi
472 4297 490 4351 1.
504 4296 540 4356 ΙΙ.
562 4317 585 4351 e.
601 4296 643 4353 18.
720 4299 745 4369 9)
768 4298 854 4353 lndid.
874 4297 893 4353 l.
914 4297 960 4353 tv,
980 4316 1003 4351 c.
1020 4297 1062 4352 18.
1118 4330 1122 4338 ·
