3000 4900
270 409 352 482 218
404 405 647 481 HELMOLDl
665 404 907 480 CHRONlCA
926 402 1194 491 SLAVORUM.
1225 400 1312 476 LlB.
1337 402 1380 475 ll.

278 616 337 679 est
365 606 401 678 in
421 606 538 680 calice
557 606 707 703 species
727 604 851 679 carnis
879 615 916 678 et
934 602 1141 701 sanguinis.
1177 603 1243 676 llle
1271 604 1315 675 de
1336 600 1380 675 ti·

272 730 384 784 more
403 710 554 781 tandem
571 716 773 820 resumpto
793 705 952 820 spiritu,
965 728 1039 778 non
1059 704 1203 777 audens
1224 726 1378 777 sumere

276 806 478 880 insolite
446 806 600 881 visionis
629 808 810 905 speeiem,
837 805 983 879 transiit
1006 808 1050 877 ad
1071 804 1300 901 pontiliceru⁷
1328 802 1380 877 ibi

275 909 312 979 in
333 917 522 983 conventu
540 906 629 981 cleri
649 907 805 979 calicem
824 907 1025 981 videndum
1045 905 1184 979 obtulit
1227 906 1377 979 Etcum

271 1007 382 1080 multi
401 1008 581 1089 dicerent
599 1007 634 1081 id
659 1008 799 1081 facturn
819 1006 994 1081 divinitus
1014 1010 1059 1097 ad
1080 1004 1377 1079 confirmandam

276 1107 396 1205 plebis
423 1107 549 1201 tidem⁷
575 1108 700 1205 pontif
698 1132 742 1181 ex
773 1107 892 1181 altiori
918 1129 1031 1181 sensu
1052 1116 1283 1203 protestatus
1304 1113 1376 1198 est

271 1232 433 1304 gravem
463 1207 662 1281 ecclesie
653 1208 851 1281 imminere
871 1205 1147 1281 tribulationem
1169 1216 1205 1279 et
1225 1203 1377 1301 sangui·

275 1332 364 1380 nern
384 1307 577 1382 christiani
598 1308 723 1407 populi
743 1308 902 1381 multum
921 1309 1162 1380 fundendum.
1191 1305 1375 1393 Quotiens
1478 1391 1479 1405 χ

270 1408 375 1484 enim
402 1409 558 1522 sanguis
578 1419 784 1503 martyrum
809 1407 1024 1503 effunditur.
1050 1406 1222 1482 Christus
1249 1407 1374 1477 denuo

273 1509 311 1579 in
326 1509 505 1583 membris
524 1509 604 1582 suis
620 1508 858 1622 crucifigitur.
895 1509 972 1581 Nec
988 1480 1248 1605 prophetantis
1269 1504 1374 1577 lefel-
1479 1510 1480 1513 ’

270 1608 353 1681 lere
382 1608 566 1681 vaticinia.
614 1610 679 1681 Vix
707 1610 808 1681 enim
827 1608 1079 1721 preterierunt
1098 1609 1177 1681 dies
1198 1617 1373 1703 quatuor-

275 1708 409 1805 decim,
437 1718 477 1782 et
505 1710 780 1806 superveniens
807 1707 993 1783 exercitus
1021 1709 1242 1781 Sclavoium
1263 1730 1373 1779 occu·

269 1809 376 1907 pavit
406 1833 560 1883 omnem
585 1820 726 1883 terram
757 1810 873 1904 illam,
899 1808 1082 1881 ecclesias
1119 1808 1302 1883 subvertit
1335 1816 1372 1879 et

273 1905 453 2007 populoru
482 1909 695 2008 captivavit,
720 1934 873 1984 omnem
901 1932 989 1981 vero
1017 1909 1259 1983 resistentem
1287 1930 1372 2005 per·
1483 1916 1484 1921 ’

268 2009 392 2083 cussit
410 2010 447 2082 in
466 2035 531 2083 ore
550 2011 674 2108 gladii.
1484 2021 1485 2037 ¹

346 2110 418 2183 [liu
437 2135 529 2207 ergo
549 2110 649 2183 siluit
667 2135 732 2183 rex
753 2112 958 2205 annorum,
981 2110 1223 2185 dissimulans
1241 2107 1369 2206 gentis

272 2233 341 2283 sue
357 2210 496 2284 ruinas.
520 2211 645 2307 Reges
666 2212 767 2285 cuim
784 2211 976 2284 Danorurn
988 2234 1129 2324 segnes
1148 2222 1184 2283 et
1199 2207 1370 2283 discincti
1486 2229 1487 2252 ¹

270 2318 310 2383 et
327 2309 425 2383 inter
443 2312 640 2385 continuas
660 2313 792 2409 epulas
819 2336 973 2409 semper
991 2312 1067 2409 poti
1090 2310 1149 2382 vix
1170 2309 1369 2408 aliquando
1487 2335 1488 2365 ³

266 2410 440 2484 sentiunt
479 2436 729 2510 percussuras
775 2412 981 2510 plagarum.
1044 2413 1211 2486 Tandem
1253 2409 1369 2484 veluti
1488 2477 1489 2486 ι

267 2535 432 2610 sompno
460 2513 603 2587 excitus
621 2538 688 2586 rex
706 2513 821 2588 Dacie
840 2514 1088 2610 congregavit
1106 2513 1311 2585 exercitum
1331 2521 1370 2583 et

270 2612 460 2710 percussit
477 2624 623 2710 partem
639 2614 826 2687 modicam
837 2615 1033 2712 Ciroipane
1049 2613 1226 2710 regionis.
1254 2612 1367 2686 Filius

268 2737 419 2826 quoquc
438 2714 540 2811 regis
560 2739 606 2787 ex
625 2715 831 2788 concubina
850 2724 974 2810 natus,
990 2713 1283 2812 Clrristop'horus
1303 2737 1368 2786 no·
1480 2791 1487 2801 ,

269 2812 385 2902 mine,
413 2838 498 2889 curn
518 2815 633 2912 mille,
662 2825 701 2886 ut
720 2816 835 2908 aiunt
863 2815 987 2888 loricis
1016 2816 1120 2888 vemt
1136 2816 1368 2911 Aldenburg,

265 2937 343 3010 que
361 2914 502 2987 Danrce
532 2916 663 2988 dicitur
689 2915 999 3011 Brandenhuse¹
1025 2925 1062 2987 et
1096 2926 1367 3014 percusserunt

269 3013 578 3089 maritimaillius
601 3016 1365 3118 Ecclesiamverocuideserviebatllruno

263 3118 447 3187 sacerdos
468 3140 542 3187 non
567 3117 747 3211 leserunt
775 3141 845 3189 nec
868 3118 1073 3231 attigerunt
1095 3117 1244 3215 penitus
1267 3121 1366 3191 bona

264 3215 486 3287 sacerdotis.
519 3216 795 3291 llecedentibus
810 3215 1051 3318 igiturDanis
1067 3218 1191 3291 Sclavi
1212 3242 1232 3290 e
1253 3217 1365 3290 vesti-

266 3312 328 3410 gio
355 3315 546 3412 prosecuti
573 3327 724 3390 suntet
752 3321 912 3431 dampna
943 3341 1012 3392 sua
1038 3318 1177 3390 ultione
1205 3319 1364 3431 decupla

263 3429 621 3512 compensaverunt.
670 3419 789 3490 Dania
818 3419 917 3490 enirn
947 3418 1109 3492 maxima
1129 3443 1175 3490 ex
1201 3430 1307 3518 parte
1326 3420 1363 3491 in

261 3513 409 3590 insulas
429 3518 623 3615 dispertita
638 3528 697 3592 est
699 3543 824 3616 quas
840 3518 956 3594 ambit
969 3543 1074 3591 mare
1090 3517 1364 3617 circumfluam,

266 3640 337 3688 nec
357 3617 465 3692 facilc
484 3619 610 3693 caveri
631 3629 790 3716 possunt
810 3619 942 3693 insidie
961 3619 1178 3716 piratarum
1199 3645 1243 3692 eo
1264 3623 1363 3717 quod

260 3715 338 3788 illic
356 3717 431 3790 sint
456 3719 713 3815 piwomontona
737 3720 891 3794 latebris
911 3719 1133 3794 Sclavorum
1153 3721 1363 3835 aptissima,

265 3819 363 3890 unde
383 3818 480 3890 clam
501 3820 740 3916 egredientes
769 3820 981 3918 percutiunt
1007 3823 1053 3893 de
1072 3820 1244 3895 insidiis
1235 3845 1362 3894 incau-

264 3926 333 3990 tos.
365 3918 490 3993 Sclavi
511 3920 610 3993 enim
631 3921 874 3994 clandestinis
890 3921 1102 3996 incursibus
1119 3921 1282 3994 maxime
1298 3947 1361 3996 va·

261 4017 352 4092 lent.
379 4019 485 4094 Unde
504 4021 616 4094 etiam
635 4021 779 4094 recenti
798 4023 919 4094 adhuc
939 4031 1039 4095 etate
1049 4022 1361 4096 latrocinalrshec

170 4193 174 4202 ,
260 4123 494 4193 consuetudo
515 4124 608 4195 adeo
628 4125 727 4220 apud
750 4146 817 4196 eos
840 4122 1008 4218 invaluit⁷
1028 4132 1068 4194 ut
1085 4123 1237 4198 omissis
1257 4123 1362 4222 peni·

263 4243 289 4314 l)
310 4242 538 4302 Brammesiorum
557 4249 650 4302 urbem
671 4265 730 4303 earn
750 4247 870 4319 appellat
889 4245 961 4302 Saxo
973 4246 1122 4303 Grammat.
1143 4248 1160 4302 l.
1173 4247 1250 4304 xlv.
1261 4265 1288 4320 p.
1296 4245 1359 4302 340.
