3000 4900
296 386 367 459 me
417 380 660 457 munuum
679 322 920 456 eunomus
939 379 1205 457 smvorun.
1241 381 1385 456 nan.
1485 336 1487 411 ³

295 586 365 680 bis,
383 584 531 657 dicens:
564 581 649 655 Scio
667 581 823 701 quidem,
843 606 907 656 uos
925 608 1000 658 esse
1019 588 1118 657 uiros
1136 587 1218 671 fort
1218 593 1307 658 eset
1322 611 1388 659 no·
1486 578 1487 589 ’

296 686 444 759 biteset
467 683 787 777 obsecundantes
775 683 926 779 imperio
949 688 1074 781 mapni
1099 684 1222 783 dacis,
1249 685 1389 759 domi'
1337 712 1390 759 rac
1486 730 1487 783 t

295 812 355 861 aes
357 789 415 860 tri.
466 784 552 859 Volo
581 788 693 881 ipitur
713 782 937 881 persuadere
962 788 1064 860 cobis
1082 810 1150 883 que
1166 794 1293 861 sunta
1237 788 1388 861 tutitia.

296 885 446 963 Reddite
475 886 562 959 mihi
588 892 761 1004 castrum,
790 884 889 983 quod
915 887 1003 960 otim
1028 891 1101 976 fuit
1118 890 1239 982 putris
1261 891 1331 960 mei
1354 896 1394 962 et

296 990 384 1067 mihi
407 1012 502 1064 nunc
525 986 666 1063 heredit
650 991 750 1060 toria
767 993 993 1063 successione
1011 988 1231 1087 debetur7t
1195 996 1231 1063 et
1247 1012 1312 1085 epo
1332 1014 1392 1063 ea·

297 1074 412 1163 hiberi
427 1090 530 1163 vobis
547 1092 685 1176 faciam
710 1087 931 1163 conductum
949 1112 1061 1187 usqne
1083 1090 1135 1162 ad
1151 1093 1254 1185 ripas
1269 1089 1392 1189 Albis,-

300 1194 332 1264 si
350 1194 431 1288 quis
449 1213 573 1264 eorum
591 1213 658 1287 que
676 1189 727 1262 ad
739 1214 805 1263 vos
817 1195 999 1284 pertinent
1014 1194 1207 1289 quicquam
1220 1192 1355 1265 violent
1339 1199 1394 1266 ter
1486 1264 1487 1267 ,

302 1294 475 1388 attiperit‚
500 1314 565 1387 epo
584 1294 621 1363 in
646 1289 758 1387 duplo
777 1295 879 1365 restit
877 1316 915 1365 uc
909 1295 1082 1391 faciam.
1127 1290 1232 1381 Quod
1249 1317 1281 1365 sc
1275 1293 1395 1368 hanc

301 1391 546 1467 conditionem
564 1394 740 1486 optimam
757 1393 916 1467 inuhtem
939 1393 1398 1490 iudicaveritispoportebit

302 1517 358 1567 me
377 1517 524 1567 rursum
541 1496 696 1589 erperiri
709 1497 899 1581 fortunam
911 1518 1029 1567 meam
1043 1503 1080 1567 et
1091 1493 1263 1590 conpredi
1275 1496 1393 1571 uobis·

304 1617 396 1668 cum.
429 1594 652 1692 Mementote,
666 1593 755 1692 quid
769 1598 960 1691 contiperit
970 1596 1219 1668 habitantibus
1232 1595 1393 1671 Mihiten·

304 1696 407 1792 burp,
434 1698 495 1793 qui
516 1702 729 1871 spreverunt
750 1695 974 1769 conditiones
996 1700 1103 1791 pacis
1121 1704 1157 1769 et
1171 1694 1408 1790 provocaue·‘

302 1804 390 1871 runt
410 1821 467 1883 me
482 1800 521 1869 in
537 1799 651 1870 suime
651 1796 892 1892 t.dampnum
931 1799 1034 1871 Tunc
1057 1796 1193 1871 milites
1218 1804 1391 1874 custodes

304 1898 457 1997 presidii
485 1899 670 1994 videntes,
696 1923 770 1971 non
798 1923 885 1973 esse
910 1900 1035 1971 locum
1060 1922 1200 2013 pugne.
1228 1923 1272 1973 eo
1299 1905 1393 2000 quod

304 2003 436 2073 hostes
451 2000 569 2095 multi,
589 1999 771 2073 auxiliarii
784 2024 873 2073 vero
890 2012 1019 2073 essent
1033 2000 1155 2098 pauci,
1173 1999 1395 2098 impetrave-

305 2110 392 2173 runt
417 2104 639 2173 conductum
660 2112 763 2174 extra
782 2102 964 2174 terminos
983 2102 1145 2199 suavia,
1170 2112 1206 2174 et
1225 2103 1398 2177 Pribiula·
1486 2128 1487 2193 ῖ

306 2226 375 2275 vus
394 2202 536 2299 recepit
556 2212 734 2275 castrum.
1486 2206 1487 2231 *

381 2305 415 2377 4.
429 2300 673 2397 Suspendium
686 2300 883 2381 Werteztai.
901 2302 1066 2375 Audiens
1077 2302 1397 2401 igiturHeinricus

304 2402 382 2478 Leo
404 2405 492 2502 dux,
515 2403 732 2479 labefactari
750 2429 812 2478 res
831 2404 869 2477 in
893 2404 1054 2502 Sclavizr,
1079 2404 1317 2480 contristatus
1338 2418 1401 2481 est

307 2505 431 2578 animo
447 2516 485 2578 et
499 2506 601 2580 misit
610 2507 758 2579 interim
774 2509 885 2579 robur
899 2505 1055 2579 militum
1070 2506 1205 2580 Zverin
1218 2511 1263 2579 ad
1277 2519 1402 2582 custo-

307 2607 483 2688 diendum
499 2631 594 2682 eam.
616 2609 661 2682 Et
674 2606 844 2706 precepit
858 2607 989 2680 Adolfo
1005 2607 1129 2681 comiti
1145 2616 1183 2680 et
1198 2607 1400 2685 maioribus

307 2710 354 2780 de
381 2707 563 2805 Holzatia⁷
590 2718 632 2781 ut
652 2709 858 2781 transirent
879 2708 988 2782 llowe
1017 2719 1055 2781 et
1082 2719 1212 2782 essent
1229 2720 1399 2784 tutamen
1485 2733 1486 2788 3

308 2808 431 2882 castri.
475 2811 565 2884 Post
582 2810 655 2882 hec
673 2809 918 2907 congregavit
936 2809 1140 2882 exercitum
1159 2813 1343 2907 grandem
1363 2824 1401 2886 et
1485 2807 1486 2866 ἒ

307 2909 456 2984 vocavit
482 2921 685 3009 cognatum
711 2935 823 2985 suum
849 2911 1109 3006 Adelbertum‚
1142 2912 1398 2986 marchionem
1485 2925 1486 2956 ³

309 3011 501 3085 orientalis
515 3013 676 3111 Solavie,
696 3023 734 3086 et
751 3035 884 3085 omnes
905 3011 1131 3085 fortissimos
1150 3011 1264 3086 totius
1284 3015 1397 3088 Saxo·

173 3130 175 3135 '
309 3112 370 3186 nie
388 3111 425 3184 in
444 3114 636 3210 auxilium,
653 3125 694 3186 ut
713 3116 887 3186 redderet
901 3113 1046 3186 Solavis
1065 3113 1206 3186 malurn
1232 3117 1331 3212 quod
1349 3115 1400 3188 ie·

308 3222 449 3286 cerant.
475 3215 548 3291 Sed
562 3213 889 3287 etWaldemarum
903 3237 1035 3311 regern
1045 3214 1235 3288 Danorum
1251 3216 1403 3290 adduxit

311 3338 395 3389 cum
423 3315 547 3388 navali
573 3315 752 3413 exercitu,
778 3325 819 3389 ut
835 3324 993 3388 vexaret
1016 3340 1082 3389 eos
1100 3326 1201 3388 terra
1220 3317 1402 3414 marique.
1484 3379 1485 3418 p

183 3445 186 3450 ·
311 3416 356 3489 Et
372 3416 533 3490 occurrit
547 3417 700 3490 Adoltus
720 3441 848 3490 comes
866 3416 948 3490 duci
968 3441 1051 3489 eum
1071 3417 1173 3488 omni
1186 3417 1404 3492 Nordalbin-

309 3539 445 3613 gorum
464 3519 601 3617 populo
620 3517 720 3591 iuxta
739 3518 950 3591 Malacowe.
992 3518 1075 3590 Dux
1093 3542 1183 3591 vero
1202 3519 1263 3592 ubi
1282 3530 1405 3594 trans·

309 3617 351 3691 iit
369 3618 512 3692 Albium
538 3630 576 3692 et
601 3618 722 3716 attigit
739 3618 921 3692 terminos
937 3619 1171 3717 Sclavorum,
1197 3620 1285 3694 fecit
1298 3623 1405 3696 Wer·

310 3718 488 3795 tizlavum
521 3720 730 3819 principem
766 3721 985 3798 Sclavorum
1014 3720 1217 3819 suspendio
1245 3721 1406 3795 interfici

312 3843 431 3919 prope
451 3826 581 3894 urbem
599 3823 814 3916 Malacam,
835 3846 879 3894 eo
901 3823 998 3936 quod
1013 3824 1303 3920 pessundaverit
1316 3848 1405 3896 eum

313 3921 479 3994 frater
446 3947 526 3996 erus
542 3923 784 4018 Pribizlavus,
801 3932 839 3996 et
852 3921 1107 4021 prevaricatus
1124 3923 1234 3998 fuerit
1246 3924 1407 4024 promis·

315 4021 442 4096 siones
468 4023 586 4138 pacis.
611 4049 704 4122 quas
734 4034 865 4138 pactus
895 4025 1026 4097 fuerat
1068 4025 1111 4098 Et
1138 4027 1308 4124 precepit
1333 4029 1407 4099 dux

315 4124 446 4196 Adotfo
466 4125 591 4197 comiti
610 4150 678 4223 per
696 4126 888 4222 nuncium,
907 4124 1055 4199 dicens:
1087 4125 1204 4222 Saepe
1222 4151 1303 4202 cam
1317 4128 1409 4201 Hot-

316 4227 408 4297 zotis
425 4225 688 4299 etStarmariis
705 4233 838 4300 etcum
856 4251 954 4300 oram
948 4226 1107 4322 populo
1131 4231 1193 4325 qai
1210 4238 1326 4304 tecum
1344 4236 1408 4326 est,
