3000 4900
154 446 401 521 HELMOLDI
420 415 662 522 turonica
680 447 949 523 SLAVORUM.
976 448 1062 523 ΗΒ.
1078 446 1103 524 l.
1160 454 1229 527 183

132 648 325 721 solverent
348 646 582 721 decimarum
609 672 764 721 suarum
782 648 965 747 legitima,
992 652 1230 751 proposuita

132 748 212 822 suis
229 749 430 846 ¹requirere
449 748 597 826 similia.
634 748 921 827 communicato
940 750 1055 848 igitur
1073 752 1229 826 consilio

130 846 250 923 Aeolii
269 849 430 945 comitis,
448 849 912 923 indomitos-Halanorum
930 850 1078 925 animos
1096 853 1230 925 oxhor-

130 950 274 1023 tatoriis
286 973 354 1048 per
366 948 511 1023 litteras
525 951 650 1023 verbis
664 960 854 1049 temptare
870 951 1019 1025 studuit.
1042 954 1097 1025 Ad
1110 953 1229 1026 ecele-

131 1050 228 1124 siam
253 1050 368 1148 igitur
384 1050 649 1147 Burnhovede,
676 1076 749 1149 qrre
770 1052 841 1124 alio
861 1051 1013 1125 nomine
1031 1052 1230 1127 Zventine-

128 1151 217 1225 veld
235 1150 380 1249 dieitur,
398 1151 459 1223 ubi
484 1150 676 1226 habitabat
692 1152 951 1249 Marchradus,
981 1152 1110 1226 senior
1127 1163 1229 1227 terre

131 1263 169 1326 et
195 1253 386 1325 secundus
405 1261 494 1349 post
511 1252 702 1350 comitem,
724 1264 762 1326 et
776 1264 902 1327 cetera
925 1254 1043 1327 virtus
1058 1254 1230 1327 Holzato·

130 1378 228 1447 rum,
243 1352 346 1425 misit
363 1352 508 1425 litteras
526 1352 563 1424 in
583 1353 683 1425 hunc
702 1356 874 1425 modum:
907 1426 910 1437 ,

207 1452 387 1527 Geroldus
403 1451 471 1525 Dei
496 1456 621 1549 pratia
637 1453 847 1527 budicensis
875 1451 1021 1526 ecclesie
1038 1455 1229 1548 episcopus
1356 1524 1359 1533 ,

7 1601 8 1612 ³
130 1558 308 1628 uniuersis
332 1552 492 1626 ciuibus¹
519 1552 572 1625 ad
589 1552 779 1627 ecclesiam
795 1552 1036 1627 Burnhouede
1048 1556 1230 1647 pertinen·

129 1656 225 1729 tibus
248 1653 404 1728 salutem
429 1662 466 1727 et
486 1652 646 1728 debitam
674 1653 922 1743 dilectionem„
958 1654 1140 1745 Quoniam
1160 1678 1230 1748 per

128 1755 196 1829 Dei
217 1756 442 1829 uoluntatem
461 1755 706 1828 ecelesiastica
729 1755 817 1828 mihi
841 1755 1066 1850 dispensatio
1088 1753 1228 1829 credita

130 1864 198 1954 est,
226 1863 262 1929 et
285 1856 410 1929 divina
435 1856 614 1951 lepatione
648 1854 700 1927 ad
723 1880 792 1929 uos
820 1859 975 1951 funpor,
1005 1878 1148 1928 necesse
1174 1864 1231 1928 est

129 1966 172 2031 ut
186 1982 212 2030 a
229 1957 335 2030 bonis
358 1956 410 2030 ad
434 1955 588 2029 meliora
612 1980 678 2029 uos
702 1955 902 2051 perducere
924 1954 1103 2051 studeam,
1129 1963 1165 2028 et
1179 1956 1227 2029 ab

128 2057 199 2131 hiis
211 2082 280 2154 que
292 2064 379 2131 sunt
389 2055 506 2130 saluti
519 2059 729 2129 animarum
740 2062 947 2130 uestrarum
962 2058 1153 2129 contraria
1162 2080 1228 2129 vos

7 2139 8 2210 Ῐ
129 2158 343 2232 abstrahere
362 2160 450 2231 totis
466 2157 608 2230 nisibus
626 2157 820 2232 elaborem.
848 2157 925 2231 Deo
944 2155 1123 2253 siquidem
1139 2165 1227 2253 prta·
1293 2196 1296 2205 ·

7 2333 8 2352 1
130 2262 203 2333 tias
221 2284 306 2356 apo,
324 2256 426 2355 quod
442 2256 644 2331 multarum
661 2262 699 2331 in
715 2259 819 2331 cobis
832 2264 966 2353 patent
980 2260 1154 2331 uirtutum
1173 2260 1226 2330 in·

7 2363 8 2390 ³
127 2363 261 2458 sipma,
279 2357 380 2458 quod
396 2357 564 2432 videlicet
576 2357 820 2453 hospitalitati
833 2365 868 2431 et
879 2358 964 2431 aliis
977 2356 1228 2430 misericordie

129 2462 299 2557 operibus
313 2467 472 2555 ‘propter
492 2458 609 2533 Deum
628 2462 813 2556 insistitis,
845 2458 945 2556 quod
968 2463 1006 2532 in
1029 2458 1138 2533 verbo
1160 2457 1228 2531 Dei

122 2564 393 2656 promptissimi
409 2563 499 2634 etin
518 2560 771 2634 construendis
788 2559 948 2633 eeclesiis
964 2559 1112 2633 solliciti
1129 2563 1226 2656 estis,
1373 2652 1375 2656 Α

126 2667 163 2736 in
176 2663 343 2759 lepitimis
359 2684 512 2758 quoqne,
531 2668 575 2734 ut
588 2659 666 2734 Deo
678 2661 860 2757 placitum
877 2667 1106 2756 est,.castam
1124 2659 1226 2732 duci-

128 2767 177 2836 tis
192 2766 316 2837 uitam.
350 2762 426 2853 (lue
443 2765 569 2835 omnia
587 2768 708 2835 tamen
726 2761 920 2835 obseruata
941 2761 995 2834 nil
1006 2759 1226 2856 proderunt,

125 2868 159 2937 si
176 2872 296 2938 cetera
313 2860 496 2936 mandata
513 2861 704 2958 neylipitis,
730 2865 830 2959 quia,
848 2865 946 2934 sicut
958 2864 1136 2956 scriptam
1155 2868 1225 2933 est:

125 2965 198 3054 Qui
225 2969 263 3038 in
291 2988 366 3037 uno
394 2962 562 3059 offendit,
589 2963 758 3036 omnium
787 2987 876 3036 reus
905 2962 997 3036 esst
1040 2961 1108 3034 Dei
1132 2965 1226 3034 enim

7 3082 8 3115 ὲ
120 3071 332 3160 preceptum
357 3071 429 3137 est:
466 3064 645 3136 Decimus
673 3087 719 3136 ex
738 3063 912 3137 omnibus
931 3062 1036 3136 dabis
1055 3062 1160 3159 mibi,
1186 3072 1227 3134 ut

125 3170 224 3240 bene
241 3166 291 3238 sit
307 3164 384 3262 tibi,
405 3176 443 3239 et
455 3165 568 3262 longo
584 3164 690 3239 vivas
704 3175 878 3262 tempore
886 3162 910 3236 ³.
937 3164 1003 3236 Cui
1014 3161 1229 3236 obedierunt

7 3300 8 3345 f
121 3265 347 3362 patriarcba,
360 3263 708 3361 Abrahamscilicet,
731 3264 850 3339 Ysaae
864 3270 900 3337 et
909 3263 1033 3360 Iacob,
1054 3270 1089 3336 et
1101 3287 1226 3335 omnes

124 3370 188 3465 qui
209 3365 410 3440 secundum
427 3364 536 3456 iidem
552 3368 648 3453 sacti
667 3372 754 3438 sunt
771 3365 837 3454 utu
858 3362 1012 3459 Abrahej,
1036 3386 1103 3457 per
1124 3361 1225 3460 quod

124 3467 274 3541 laudem
292 3475 327 3540 et
338 3469 482 3562 premia
504 3473 627 3540 eterna
641 3469 824 3539 consecuti
836 3472 930 3538 sunt.
958 3461 1123 3558 Apostoli
1135 3486 1225 3559 quo·

112 3571 248 3667 'que-et
264 3567 458 3663 apostolici
474 3570 544 3640 uiri
563 3566 634 3639 hoc
657 3569 778 3661 ipsum
801 3589 845 3638 ea
863 3589 926 3638 ore
943 3564 1010 3637 Dei
1027 3563 1224 3636 mandave-

122 3677 214 3743 runt
237 3676 272 3742 et
292 3668 360 3742 sub
386 3667 631 3742 anathematis
654 3666 800 3740 uinculo
822 3667 981 3761 posteris
1002 3663 1224 3736 seruandum

123 3768 368 3845 tradiderunt.
398 3770 487 3842 uum
505 3791 591 3864 erpo
609 3766 677 3840 Dei
694 3770 950 3862 omnipotentis
962 3762 1097 3859 presul
1110 3761 1222 3837 dubio

120 3872 195 3945 hoe
218 3876 359 3944 constet
380 3893 457 3943 esse
469 3875 692 3966 preceptum,
718 3874 755 3940 et
773 3873 986 3940 sanctorum
1005 3871 1160 3959 patrum
1176 3867 1227 3937 sit

122 3975 345 4045 auctoritate
356 3975 555 4066 firmatum,
571 3969 677 4041 nobis
690 3967 730 4041 id
743 3967 920 4041 incumbit
930 3968 1060 4062 officii,
1071 3963 1223 4061 utquod

121 4079 238 4146 vestre
255 4072 370 4145 saluti
388 4070 497 4164 deest,
523 4077 649 4142 nostro
673 4072 711 4141 in
727 4069 831 4142 vobis
849 4091 956 4166 opere
968 4090 1037 4161 per
1053 4065 1121 4139 Dei
1136 4089 1223 4162 pra·

122 4228 150 4299 1)
168 4226 254 4290 laicis,
273 4225 467 4299 parrochianis.
539 4224 578 4296 ,2)
597 4222 688 4278 lacob.
707 4221 735 4290 2,
758 4223 801 4275 1⁰.
875 4219 902 4295 3)
923 4219 1048 4296 Respexit
1067 4221 1097 4273 u't
1116 4219 1223 4274 ridetur

120 4294 271 4355 Doureios.
294 4298 337 4366 14,
356 4296 475 4355 22-29.
1198 4305 1206 4320 ·’
