3000 4900
270 467 318 541 oi
371 461 623 539 animator
642 430 1174 538 canonicasmvoson.
1202 461 1292 538 nro.
1311 463 1336 536 1.

269 691 354 742 mor
373 664 528 763 oraculi,
555 663 783 763 mancipavit
807 688 895 738 eum
913 664 1036 739 divino
1063 663 1179 738 cultui
1199 675 1237 740 et
1254 663 1374 742 sacris

269 767 405 844 litteris
432 766 686 847 imbuendum.
739 763 814 840 Sed
841 791 929 838 cum
953 765 991 841 in
1017 765 1148 863 primis
1174 766 1372 864 neglectus

271 880 392 966 essen
423 892 468 942 eo
501 867 599 964 quod
623 865 789 940 studium
813 867 912 964 apud
947 866 1127 940 Bremam
1159 867 1372 966 defecisset,

272 969 428 1068 contigit
446 969 648 1043 adventare
666 966 892 1064 magistrum
912 967 1123 1043 Vicelinum
1141 978 1179 1042 et
1196 967 1372 1043 curandis

270 1071 411 1149 scholis
428 1067 570 1169 prefici,
588 1067 696 1140 cuius
711 1069 832 1156 tutele
846 1070 1132 1143 commendatus
1151 1093 1245 1166 puer
1262 1069 1373 1152 Thet-

270 1195 414 1269 marus7
431 1172 554 1245 factus
574 1180 631 1242 est
649 1168 730 1243 eius
749 1168 956 1268 discipulus
975 1181 1013 1244 et
1031 1169 1290 1243 contubernio.
1354 1163 1363 1179 '

170 1279 175 1286 ’
346 1277 406 1348 45.
436 1270 610 1347 Emensis
630 1270 745 1370 igitur
764 1295 878 1368 quam
896 1271 1065 1370 pluribus
1087 1273 1194 1344 annis
1205 1269 1231 1366 ¹,
1253 1269 1372 1370 magi·

272 1386 350 1449 ster
358 1371 560 1469 Vicelinus,
583 1383 782 1470 perspecto
799 1372 1069 1470 discipulorum
1088 1383 1126 1444 et
1143 1371 1315 1470 profectu
1334 1382 1373 1445 et

271 1498 442 1571 numere,
461 1472 659 1571 proposuit
675 1472 731 1546 ire
747 1473 785 1546 in
796 1472 823 1544 F
826 1472 1005 1571 ranciam,
1025 1472 1213 1546 maiorum
1227 1473 1373 1564 scilicet

272 1575 394 1675 gratia
436 1574 667 1670 studiorum,
704 1573 898 1670 oravitque
935 1573 1057 1647 Deum
1101 1573 1374 1671 cogitationem·

271 1676 445 1752 suamab
465 1673 546 1772 ipso
566 1673 687 1772 dirigi.
728 1675 808 1748 Hec
826 1699 871 1748 eo
892 1674 1017 1748 animo
1036 1674 1242 1772 volutante,
1261 1674 1371 1748 Adal-

271 1778 412 1874 bertus⁷
438 1773 592 1846 maioris
618 1775 778 1848 ecclesie
800 1775 1027 1874 preposituS,
1052 1775 1111 1848 die
1130 1776 1293 1872 quadam
1312 1799 1372 1848 ac·

271 1875 386 1951 cessit
403 1876 450 1959 ad
469 1899 556 1950 eum
575 1874 722 1949 dicens:
766 1875 887 1965 Quare
909 1876 1035 1949 celasti
1058 1878 1217 1948 amicam
1236 1883 1269 1952 et
1286 1901 1372 1950 con·

178 1977 181 1980 ’
271 1979 512 2072 sanguineum
530 1981 643 2072 taam,
657 2000 703 2048 ca
720 1999 789 2072 pne
806 1980 844 2049 in
858 1975 970 2050 corde
988 1983 1050 2050 tao
1065 1975 1170 2050 sunt?
1195 1977 1370 2063 Quicum

271 2077 432 2151 sollicite
445 2076 654 2173 requireret
672 2101 839 2176 causam,
858 2077 921 2151 ille
932 2079 1165 2177 respondens
1180 2077 1247 2150 ait:
1284 2077 1371 2152 Scio

271 2177 434 2276 quidem,
457 2179 545 2272 qnia
568 2180 833 2270 profectionem
854 2202 975 2271 paras
999 2183 1037 2252 in
1061 2175 1279 2275 Frondem,
1305 2205 1372 2253 nec

271 2301 488 2377 quemqnam
512 2280 567 2349 vis
589 2277 659 2352 ltoc
684 2302 802 2351 nosse.
837 2277 991 2352 Noveris
1013 2283 1124 2375 ipitnr
1140 2281 1208 2350 iter
1225 2287 1327 2355 taam
1345 2305 1371 2353 a

269 2379 428 2457 Domino
453 2376 645 2452 directam:
671 2385 781 2453 noctu
806 2382 960 2454 enimin
984 2374 1157 2475 sompnis
1172 2381 1271 2455 visas
1289 2406 1371 2460 sam

270 2481 358 2554 milri
381 2482 551 2553 assistere
574 2486 658 2553 ante
681 2479 808 2553 altare·
825 2479 974 2555 Domini
999 2490 1034 2555 et
1058 2505 1167 2554 orare
1184 2480 1300 2555 Deam
1317 2486 1370 2557 in-

271 2586 438 2656 stantius.
482 2582 580 2652 Tunc
602 2605 737 2675 ymapo
762 2582 863 2653 beata
879 2581 947 2655 Dei
964 2582 1158 2677 genitricis,
1184 2604 1252 2679 qne
1274 2588 1372 2671 forte

271 2686 309 2755 in
331 2682 455 2756 altari
469 2684 638 2775 constitit,
662 2681 827 2755 allocuta
853 2689 909 2755 est
929 2708 985 2755 me
1008 2682 1147 2756 dicens:
1183 2683 1311 2779 „Vade
1338 2692 1375 2757 et

181 2859 185 2865 ,
271 2786 406 2857 nuncia
422 2784 514 2877 ciro,
526 2784 588 2877 qai
605 2784 701 2855 iacet
710 2786 955 2879 postostiam,
967 2788 1054 2879 qnia
1067 2784 1177 2856 habet
1187 2784 1371 2862 licentiam

271 2881 468 2979 migrandi,
494 2905 566 2978 quo
593 2882 704 2955 vnlt‘.
745 2882 861 2957 Parni
884 2908 948 2979 epo
973 2884 1126 2957 iubentis
1149 2888 1313 2982 imperio,
1338 2894 1374 2960 et

272 2983 447 3058 accedens
470 2981 521 3054 ad
539 2986 673 3055 asdans
689 2986 807 3077 reperi
832 2991 864 3056 te
882 2988 919 3057 in
937 2988 1104 3058 oratione
1122 2983 1371 3061 decubantem.

271 3084 453 3157 Nuntiavi
470 3084 534 3155 tibi
550 3086 647 3156 sicat
661 3082 812 3156 edoctas
830 3110 951 3180 eram5
970 3085 1108 3159 audisti
1126 3086 1308 3167 atletatns
1321 3114 1369 3167 es.

270 3186 352 3257 lam
369 3186 592 3278 concipitur
610 3192 761 3278 accepta
782 3188 1032 3282 permissione,
1053 3182 1161 3281 perpe
1184 3211 1257 3283 qao
1277 3188 1372 3264 desi·

271 3284 393 3359 cieras.
437 3285 519 3359 Hoc
552 3284 679 3382 itaque
705 3284 828 3359 divine
854 3286 1101 3385 respectionis
1128 3288 1264 3362 solatio
1293 3290 1371 3365 ani·

272 3398 409 3483 matus,
428 3384 635 3482 resignavit
652 3386 780 3484 scolis,
799 3412 875 3460 non
892 3399 1019 3461 tamen
1039 3387 1119 3463 sine
1133 3389 1264 3465 dolore
1278 3415 1372 3488 pon·

271 3486 382 3586 tificis
401 3484 663 3583 maiorumque
682 3487 853 3586 ecclesie,
884 3488 977 3563 tanti
994 3488 1065 3561 viri
1082 3490 1273 3587 presentia
1290 3518 1372 3567 mo·

272 3588 367 3661 leste
392 3585 611 3661 carentium.
646 3588 927 3687 Assumptoque
946 3614 1075 3664 secum
1100 3592 1370 3669 honestissimo

271 3687 406 3763 iuvene
439 3686 662 3784 Thetmaro,
695 3689 859 3787 perrexit
891 3689 929 3763 in
958 3690 986 3762 F
988 3690 1173 3793 ranciam,
1206 3696 1374 3795 adiitque

272 3789 397 3862 scolas
422 3787 694 3861 venerabilium
719 3788 990 3887 magistrorum
1014 3791 1161 3867 Radolli
1185 3804 1223 3868 et
1239 3799 1373 3872 Ansel·

272 3888 368 3987 mi²7
395 3888 458 3986 qui
484 3887 523 3961 in
547 3888 810 3987 explanatione
841 3890 963 3967 divine
989 3893 1127 3992 pagine
1151 3896 1301 3971 fuerant
1323 3923 1369 3972 eo

275 4126 299 4197 1)
319 4127 389 4181 circa
409 4143 508 4181 annum
532 4125 610 4181 1112.
683 4126 711 4197 2)
729 4126 882 4193 Ansalmua
902 4131 1032 4185 ecclesiae
1052 4128 1238 4188 laudunensis
1258 4134 1374 4188 schola·

272 4202 357 4255 stitus
376 4210 402 4255 et
420 4205 539 4255 decanos
558 4203 586 4271 (†
608 4199 697 4269 1117),
720 4219 800 4271 quem
827 4203 854 4255 io
881 4204 1019 4273 dirigende
1045 4203 1136 4257 schola
1162 4208 1269 4276 excepit
1288 4208 1371 4261 trater

273 4274 331 4327 eius
349 4272 492 4329 [rudoltus.
528 4272 872 4343 splendidissimarum
894 4274 1052 4337 Galliarum,
1074 4276 1198 4334 lauduni
1218 4280 1312 4351 gloria,
1341 4291 1371 4335 ut

273 4349 311 4400 ait
332 4346 388 4401 tot.
409 4345 541 4401 sarisber.
561 4344 690 4417 Metalcg.
708 4347 726 4401 1.
738 4346 802 4419 t,5,;
823 4346 916 4403 Petrus
935 4350 1088 4404 abelardus
1108 4352 1216 4425 aliique,
1236 4371 1285 4424 per
1300 4370 1374 4425 qnos
