3000 4900
121 533 125 538 ,
191 450 437 524 nunnunul
455 448 696 524 CHRONICA
715 447 984 523 SLAVORUM.
1010 449 1096 524 LlB.
1115 450 1139 523 l.
1193 452 1241 520 77

138 673 207 724 cus
223 650 348 725 socios
363 651 399 723 in
415 649 592 746 latibulis,
602 649 848 749 precepitque
859 648 913 722 eis
924 649 961 720 in
975 649 1124 723 silentio
1138 673 1240 748 esse,

140 775 190 823 ne
209 751 304 823 forte
324 752 456 827 hostes
475 753 646 826 audirent
663 774 797 823 vocem
816 749 1060 825 multitudinis
1072 762 1136 825 aut
1149 752 1242 846 hyn·

139 852 260 924 nilum
289 852 386 950 equi.
428 853 669 950 Avulsusque
688 877 708 924 a
729 851 855 948 sociis,
882 875 955 923 uno
979 861 1125 924 tantum
1154 875 1241 924 con·

139 962 267 1025 tentus
287 977 412 1050 servo,
439 953 541 1026 venit
560 957 605 1026 ad
624 953 749 1025 locum
769 975 881 1050 quem
902 951 1116 1050 prefixerat,
1144 956 1241 1026 unde

140 1052 258 1147 videri
276 1056 409 1152 pos'set
426 1058 472 1129 ab
492 1058 593 1128 urbe.
630 1053 744 1128 Cuius
774 1053 908 1126 faciem
929 1054 1120 1152 prefectus
1139 1053 1241 1127 urbis

139 1154 276 1226 callide
307 1159 533 1250 observans,
567 1153 733 1228 ostendit
767 1178 853 1226 eum
891 1154 1045 1252 amicis,
1081 1179 1241 1252 quorum

139 1256 255 1326 animi
284 1257 514 1329 consternati
548 1266 664 1328 erant.
707 1255 802 1329 Nam
835 1253 934 1327 fama
961 1256 1168 1352 pertulerat
1195 1258 1242 1328 ad

140 1375 223 1452 eosq
242 1359 341 1454 quod
361 1356 559 1430 Heinricus
579 1367 689 1430 nocte
713 1381 785 1454 qua
809 1379 989 1452 egressus
1014 1366 1086 1454 est,
1107 1367 1241 1455 captus

143 1462 321 1530 essetab
350 1458 533 1531 hostibus,
582 1457 869 1554 Contemplatus
904 1457 1017 1554 igitur
1043 1457 1240 1531 Heinricus

141 1581 298 1630 suorum
317 1559 526 1672 periculum
550 1568 588 1631 et
608 1557 812 1632 obsidionis
836 1559 1038 1654 fervorem,
1063 1581 1241 1632 reversus

140 1668 202 1731 est
229 1662 274 1732 ad
304 1660 449 1756 socios,
473 1659 788 1776 dissimulatoque
814 1659 966 1755 itinere
997 1659 1243 1733 circumduxit

139 1759 349 1833 exercitum
364 1786 433 1860 per
446 1763 545 1836 viam
568 1761 683 1834 maris
699 1785 820 1858 usque
839 1763 886 1834 ad
903 1761 1040 1832 ostium
1057 1762 1242 1874 'lrabene7

141 1859 414 1960 descenditque
439 1887 509 1961 per
524 1861 651 1958 viam,
681 1887 754 1976 qua
774 1863 995 1936 Solavorum
1015 1861 1160 1957 equites
1179 1864 1241 1935 de·

142 1963 329 2036 scandere
347 1966 543 2037 debebant
568 1964 635 2038 Ubi
656 1963 769 2060 igitur
782 1963 876 2036 Rani
890 1962 1063 2035 viderunt
1078 1961 1243 2034 multitu

142 2054 269 2136 dinem
294 2088 362 2162 per
385 2064 457 2138 iter
480 2064 596 2138 maris
619 2067 931 2158 descendentem,
952 2069 1134 2159 putabant
1156 2063 1241 2160 quia

141 2162 290 2262 equites
306 2165 365 2238 sui
386 2177 485 2261 sunt,
506 2166 752 2263 exieruntque
766 2167 811 2238 de
823 2165 980 2237 navibus
992 2164 1029 2235 in
1041 2187 1243 2237 occursum

141 2264 197 2338 eis
221 2290 306 2338 cum
329 2266 465 2364 gaudio
490 2278 527 2340 et
547 2268 693 2364 plausu.
724 2268 770 2339 At
793 2267 842 2339 illi
859 2265 1005 2340 sublato
1021 2266 1187 2338 clamore
1206 2263 1243 2336 iu

142 2366 312 2439 oratione
343 2378 380 2440 et
404 2368 541 2467 ymnis7
567 2367 794 2441 insiluerunt
820 2368 856 2439 in
883 2368 1020 2439 hostes·
1042 2366 1178 2464 subito⁷
1207 2376 1245 2439 et

142 2469 362 2565 perterritos
389 2470 581 2585 inopinato
611 2494 699 2543 casu
726 2474 772 2541 ad
793 2493 909 2541 naves
930 2491 1050 2581 usque
1071 2468 1244 2565 propule-

144 2580 239 2642 runt.
266 2569 313 2642 Et
331 2571 428 2643 facta
448 2582 508 2645 est
525 2571 633 2644 ruina
651 2595 791 2666 magna
811 2570 847 2641 in
870 2569 1033 2642 exercitu
1051 2570 1242 2641 Ranorum

143 2668 181 2742 in
202 2670 261 2744 die
274 2670 350 2767 illa,
370 2673 660 2770 cecideruntque
679 2672 866 2744 interfecti
887 2694 1013 2743 coram
1034 2680 1158 2742 castro
1173 2670 1245 2741 Lu-

129 2771 254 2868 'beke‚
279 2796 351 2844 nec
370 2773 437 2846 luit
455 2775 578 2846 minor
597 2797 783 2845 numerus
800 2796 930 2843 eorum
951 2771 1012 2869 qui
1033 2771 1139 2869 aquis
1161 2792 1244 2869 pre·

142 2872 255 2947 focati
276 2884 375 2972 sunt,
395 2898 508 2972 quam
521 2875 732 2947 occisorum
750 2873 886 2971 gladio.
911 2873 1170 2969 Feceruntque
1189 2881 1244 2942 tu·

142 2976 286 3050 mulum
313 3000 508 3071 magnum,
535 2975 572 3046 in
598 2999 671 3073 quo
697 2974 937 3088 proiecerunt
961 2996 1118 3071 corpora
1147 2995 1244 3044 mor·

140 3088 305 3176 tuorum
331 3087 368 3149 et
393 3076 430 3147 in
450 3087 736 3149 monumentum
757 3074 912 3147 victorie
930 3084 1088 3147 vocatus
1109 3084 1168 3146 est
1186 3084 1243 3145 tu·

69 3203 74 3207 ’
142 3179 268 3252 mulus
305 3178 368 3250 ille
403 3178 593 3275 Raniberg
631 3202 753 3275 usque
793 3177 830 3248 in
871 3175 1095 3249 hodiernum
1132 3174 1242 3247 diem.

142 3278 482 3377 Magnificatusque
503 3289 560 3351 est
580 3278 763 3351 Dominus
782 3276 920 3351 Deus
910 3302 947 3348 m
968 3300 1081 3349 manu
1102 3276 1245 3348 cristia-

143 3406 278 3453 norum
298 3380 335 3451 in
355 3378 413 3451 die
432 3380 507 3476 illa,
527 3389 815 3476 statueruntque
836 3390 875 3451 ut
893 3378 1244 3464 diesllalendarurn

141 3481 300 3579 Augusti
328 3481 538 3553 celebretur
562 3480 735 3553 cornibus
757 3479 865 3552 annis
893 3478 929 3549 in
960 3479 1169 3575 signumet
1188 3503 1244 3551 re·

141 3582 422 3676 cordationem,
454 3584 551 3679 quod
576 3580 810 3680 percusserit
835 3580 1017 3653 Dominus
1051 3579 1215 3654 Ranos
1206 3604 1243 3651 m

144 3694 326 3782 conspect
330 3710 352 3755 u
376 3683 496 3781 plebis
524 3707 604 3755 sue.
644 3682 940 3779 Servieruntque
960 3682 1151 3754 Ranorum
1180 3704 1244 3777 po·

141 3786 219 3883 puli
244 3785 418 3857 Heinrico
445 3787 513 3857 sub
539 3782 719 3856 tributo1.
711 3787 1065 3881 quemadmodum
1089 3780 1245 3878 Wagiri,

143 3886 284 3983 polani,
312 3884 482 3963 Obotriti
507 3884 639 3981 nicini,
663 3883 875 3983 Cyrcipani‚
892 3883 1024 3981 Lutici,
1045 3882 1244 3958 Pomerani

140 3998 184 4061 et
211 3988 388 4060 universe
407 3964 630 4060 Solavorum
654 3986 843 4082 nationes,
870 4009 942 4083 que
963 3996 1052 4059 sunt
1069 3985 1166 4057 inter
1183 3983 1245 4057 ΑΙ-

145 4171 331 4239 11Αιιιιὶίιῑι
352 4172 449 4227 Saxo
443 4190 494 4224 ram
515 4173 548 4224 ad
569 4189 593 4225 a
611 4149 681 4223 1110
701 4178 728 4225 ct
748 4178 821 4223 certe
841 4170 875 4221 ad
896 4186 919 4221 a.
943 4168 1014 4223 1114
1033 4168 1096 4223 duci
1116 4167 1244 4223 Lotbario

143 4246 300 4300 adscribere
324 4246 444 4309 ridetur,
472 4263 542 4316 quac
568 4263 617 4316 per
642 4243 772 4297 vasallum
800 4260 879 4296 suum
899 4242 1058 4298 Heinricum
1079 4252 1153 4315 gesta
1174 4251 1243 4297 sunt.

143 4316 229 4373 itaet
247 4319 346 4375 Chron.
367 4318 521 4389 Luneburg
542 4337 565 4372 a.
588 4316 667 4373 1114.
686 4316 737 4371 SS.
758 4316 791 4373 T.
810 4314 888 4375 xvi.
908 4337 935 4390 p.
954 4317 999 4372 75.
