3000 4900
13 410 19 465 i

186 456 432 532 fluunonul
449 457 693 534 cnxomca
709 457 978 533 SLAVORUM.
1004 457 1091 532 Lm.
1110 457 1136 532 1.
1189 465 1234 535 81

10 686 13 753 3·
134 682 268 755 regem
295 669 332 732 et
352 659 558 732 exereitum
576 659 835 758 peregrinum,
862 669 899 734 et
925 657 1054 756 pronis
1074 658 1236 734 vultibus

134 761 396 834 adoraverunt.
442 759 546 848 Quos
574 760 789 834 resalutans
816 759 1014 832 Heinrious
1043 769 1080 832 et
1102 761 1236 834 adhor-

132 869 233 954 tans,
256 859 356 958 oepit
374 861 610 958 percunctari
629 863 675 934 de
697 859 845 956 itinere,
864 870 903 933 et
923 859 1075 957 quinam
1095 858 1131 932 in
1151 885 1234 959 pro-

131 984 246 1034 oessu
274 964 456 1035 deberent
480 985 568 1035 esse
589 960 709 1058 primi.
744 960 911 1058 Singulis
930 970 1058 1034 autem
1077 961 1233 1036 ducibus

132 1061 304 1136 certatim
332 1086 375 1134 se
403 1061 662 1157 offerentibus,
689 1065 967 1160 responderunt
983 1061 1155 1136 Saxones
1182 1063 1233 1138 di-

131 1172 282 1235 centes:
316 1161 444 1236 Nostri
461 1164 552 1234 iuris
570 1186 647 1235 esse
665 1161 880 1259 dinoscitur,
906 1168 948 1234 ut
963 1160 1016 1234 ad
1036 1160 1131 1234 bella
1144 1186 1233 1255 pro·

129 1260 334 1335 cedentium
362 1286 430 1336 nus
452 1265 578 1359 primi,
609 1261 836 1336 redeuntium
860 1264 1047 1337 nouissimi
1073 1264 1232 1337 inuenia-

129 1386 224 1435 mur.
269 1364 397 1458 haam
421 1365 534 1458 ipitur
557 1386 582 1436 a
602 1364 777 1456 patribus
801 1362 980 1438 traditam
1005 1370 1041 1436 et
1055 1362 1232 1438 haetenus

122 1487 338 1556 possessam
360 1463 429 1537 hoe
456 1467 567 1538 eliam
592 1464 674 1538 loeo
693 1466 838 1538 minime
861 1463 1115 1560 neplipendam
1133 1465 1216 1537 urbi

127 1571 284 1637 namur.
303 1566 490 1638 Etannuit
503 1565 559 1638 eis
572 1589 648 1638 rex.
671 1566 776 1640 Licet
788 1565 886 1640 enim
899 1566 1119 1639 Selavorum
1136 1566 1230 1637 mul·

126 1677 188 1737 tus
209 1675 314 1738 esset
327 1690 523 1762 numerus,
541 1665 739 1740 Heinricus
760 1677 889 1739 tamen
904 1691 948 1740 se
962 1690 1036 1738 nou
1053 1668 1229 1740 credebat

126 1765 197 1862 eis,
215 1789 261 1838 eo
278 1769 374 1863 quod
388 1767 471 1864 ipse
486 1778 618 1840 nosset
631 1789 776 1840 omues.
803 1767 953 1840 Levatis
968 1766 1082 1864 igitur
1093 1766 1227 1863 signis,

125 1866 298 1940 Saxones
340 1867 534 1964 preiesunt
575 1867 612 1939 in
650 1867 793 1964 fronte,
835 1877 961 1940 cetera
1004 1868 1225 1941 Sclavoxum

124 1967 277 2064 agmina
307 1967 385 2040 suis
413 1967 603 2041 ordinibus
630 1971 833 2042 subsecuta
861 1979 958 2042 sunt.
1002 1967 1048 2040 Et
1069 1976 1145 2041 tola
1165 1967 1224 2042 die

124 2068 363 2141 ambulantes
389 2067 427 2140 in
454 2067 577 2165 glaeie
597 2079 643 2140 ’et
670 2069 755 2141 nive
784 2069 923 2165 multa,
957 2067 1055 2140 eirea
1084 2091 1223 2144 nonam

123 2172 276 2242 tandem
304 2179 560 2266 apparuerunt
583 2169 619 2240 in
647 2179 746 2242 terta
768 2169 1036 2266 Rugianorum.
1072 2168 1223 2242 Statim·

122 2293 195 2366 que
206 2269 293 2341 ville
303 2269 415 2342 littori
426 2270 602 2368 contigue
617 2267 849 2342 inflammata
865 2281 962 2343 sunt.
986 2269 1219 2344 Dixitautem

122 2369 319 2464 Heinricus
335 2372 380 2442 ad
400 2370 543 2444 socios:
578 2370 664 2461 Quis
681 2370 809 2443 ilites
825 2371 930 2444 nobis
946 2370 1141 2467 speculati,
1160 2369 1222 2444 ubi

121 2474 172 2544 sit
206 2474 383 2545 exereitus
416 2472 632 2544 Bonorum?
679 2470 826 2544 lidelur
854 2474 948 2545 enim
976 2470 1079 2567 mihi,
1113 2474 1221 2567 quasi

120 2572 265 2646 uideam
282 2574 421 2645 eminus
437 2570 706 2646 multitudinem
723 2575 1078 2669 appropinquantem
1101 2572 1216 2645 nobis.

118 2673 256 2746 Missus
278 2697 368 2769 engo
389 2696 474 2746 oum
494 2673 693 2771 aliquantis
709 2672 853 2746 Sclavis
873 2673 1064 2745 Saxonum
1085 2695 1218 2770 specu·

117 2775 215 2847 lator
239 2774 276 2845 in
299 2785 490 2848 momento
510 2798 688 2847 reversus
708 2785 780 2870 est,
803 2773 986 2847 nuncians
1006 2775 1136 2847 hostes
1156 2776 1217 2849 ad·

119 2898 218 2948 esse.
260 2874 433 2971 Dixitque
458 2877 503 2947 ad
531 2876 676 2949 socios:
713 2874 940 2972 Mementote,
966 2900 988 2949 o
1014 2877 1094 2971 uiri,
1121 2871 1217 2947 unde

116 2978 264 3048 venistis
288 2982 325 3048 et
346 2975 408 3047 ubi
434 2977 644 3072 consistitis,
669 2999 749 3048 eece
774 3000 899 3049 mensa
920 2978 1048 3068 posita
1072 2982 1137 3071 est,
1164 2974 1217 3047 ad

115 3099 229 3173 quam
245 3098 336 3173 equo
355 3078 478 3149 animo
497 3075 602 3149 nobis
620 3073 866 3149 accedendum
884 3083 948 3172 est,
967 3100 1032 3149 nee
1046 3082 1101 3150 est
1112 3076 1215 3149 loeus

114 3176 346 3272 subtersupii,
364 3178 450 3273 quin
463 3183 635 3269 oporteat
646 3200 714 3251 nos
726 3178 951 3271 participari
969 3174 1108 3250 deliciis
1125 3179 1211 3249 eius.

114 3278 209 3349 Ecce
232 3279 329 3351 mari
353 3274 511 3374 undique
533 3278 696 3350 conclusi
720 3300 859 3374 sumus,
882 3276 1005 3353 hostes
1031 3284 1116 3352 unte
1133 3301 1212 3375 nos,

112 3377 235 3452 hostes
260 3385 351 3471 post
370 3401 455 3472 nos,
486 3380 666 3474 periitque
696 3402 721 3452 a
752 3378 857 3452 nobis
886 3381 973 3473 fupe
996 3377 1210 3470 presidium.

110 3582 182 3651 oiri
207 3579 418 3674 bellatores,
443 3580 531 3675 quia
555 3602 668 3652 unum
693 3579 1019 3675 eduubussestat,
1045 3586 1114 3653 aut
1135 3583 1211 3653 uin-

107 3703 192 3752 cere
226 3687 295 3754 aut
332 3681 427 3752 mori
455 3682 613 3766 fortiter.
659 3681 838 3755 Instruxit
869 3682 982 3779 igitur
1012 3680 1209 3757 Heinricus

109 3780 246 3878 aciem,
273 3780 355 3879 ipse
374 3780 601 3853 constitutus
626 3781 662 3855 in
688 3783 811 3855 fronte
832 3805 915 3855 oum
936 3780 1208 3856 robustissimis

105 3882 311 3957 Saxonum.
368 3881 547 3955 Videntes
583 3880 697 3980 igitur
726 3882 886 3979 Rugiani
912 3884 1094 3981 impetum
1126 3882 1208 3981 viri,

104 3983 311 4056 timuerunt
350 3982 486 4054 timone
525 4006 687 4081 magno,
724 3984 983 4082 miseruntque
1014 3982 1207 4057 flaminem

105 4108 232 4180 suum,
251 4085 413 4182 quicum
430 4083 511 4182 ipso
533 4085 579 4157 de
595 4108 689 4183 paee
705 4096 962 4183 componeret.
998 4085 1121 4159 Primo
1141 4084 1208 4182 igi·

102 4195 165 4256 tur
182 4185 491 4282 quadringentas,
507 4184 641 4259 deinde
656 4186 894 4282 octingentas
906 4209 1053 4258 marcas
1064 4186 1205 4259 obtulit.

101 4286 274 4384 Cumque
309 4286 496 4361 exereitus
527 4298 825 4361 remurmuranet
851 4288 1064 4385 indignans,
1096 4311 1206 4385 urge·
