3000 4900
158 475 410 554 HELMOLDI
429 470 675 548 CHRONICA
692 469 961 546 SLAVORUM.
989 469 1077 544 LlB.
1093 472 1120 545 l.
1172 477 1219 547 41

125 691 249 750 tempore
272 676 419 740 ottonum,
445 674 547 746 talique
577 673 658 728 medo
681 689 711 726 se
729 672 904 728 absciderunt
928 690 943 726 a
962 691 1076 746 corpore
1095 672 1176 728 Cristi
1197 681 1225 728 et

21 783 22 798 z
123 753 254 815 ecclesia,
284 752 327 806 cui
348 759 409 804 ante
428 747 565 803 coniuncti
585 747 700 800 fuerant.
739 743 848 801 Orare
866 748 971 801 occulta
994 765 1077 818 super
1101 747 1226 801 homines

21 845 22 848 ¹
122 827 175 881 Dei
197 825 309 887 iudicis,
335 823 381 894 qui
407 824 549 876 miseretur
571 820 615 874 eui
641 820 711 886 rult,
738 828 765 874 st
790 835 870 893 quem
897 819 954 874 ruit
979 820 1103 875 indurati
1141 818 1226 875 Cuius

124 898 348 969 omnipotentiam
368 895 508 960 mirantes,
539 893 661 948 ridemus
686 909 732 946 sos
752 894 786 947 ad
813 893 997 964 paganismum
1016 893 1136 965 relapsos
1156 911 1225 957 esse,

123 973 172 1046 qui
191 971 271 1043 primi
291 969 477 1034 erediderunt,
504 965 564 1020 illos
588 975 677 1021 sutem
697 983 845 1022 conversos
868 970 902 1021 nd
916 965 1048 1035 Cristurn,
1073 969 1120 1040 qui
1144 968 1227 1023 ride-

21 1049 23 1100 ζ
124 1051 226 1104 bantur
245 1042 391 1098 novissimi.
430 1040 479 1096 llle
498 1040 579 1110 igitur
598 1039 679 1094 iudex
698 1041 796 1106 iustus,
817 1041 894 1094 sortis
914 1050 941 1096 et
960 1041 1077 1112 patiens,
1098 1042 1144 1113 qui
1161 1042 1226 1096 olim

126 1118 226 1173 deletis
244 1134 335 1172 coram
352 1115 433 1169 lsrael
447 1123 549 1185 septem
569 1114 693 1185 gentibus
709 1111 833 1180 Censen,
854 1114 926 1168 soles
945 1116 1090 1170 reservavit
1108 1116 1229 1186 allophi-

125 1195 185 1255 los,
205 1191 239 1244 in
258 1189 383 1262 quibus
402 1187 622 1259 experiretur
642 1186 766 1250 lsrael,
785 1186 847 1252 ille,
866 1188 992 1259 inquam,
1014 1188 1146 1244 modicum
1164 1211 1227 1263 gen-

127 1265 218 1320 tilium
238 1263 387 1334 portionem
406 1279 479 1314 nunc
498 1259 624 1314 indurare
637 1260 735 1325 voluit,
756 1278 804 1331 per
819 1278 888 1331 quos
908 1270 997 1316 nostra
1016 1264 1230 1320 confunderetur

128 1335 241 1410 pertidia
252 1341 272 1392 ¹.
311 1334 372 1390 Hec
390 1337 460 1390 iacta
479 1343 541 1388 suut
560 1334 655 1389 ultimo
674 1344 795 1404 tempora
819 1334 932 1389 senioris
953 1332 1069 1388 Libentii
1090 1339 1229 1410 arehiepi-

22 1475 23 1478 ,
128 1412 218 1482 scopi,
244 1411 293 1464 sub
314 1410 383 1462 duce
402 1406 558 1470 Bernardu,
584 1409 640 1463 tilio
659 1407 831 1470 Bennonis¹,
856 1407 904 1480 qui
922 1408 1052 1478 pupulum
1070 1407 1229 1466 sclavorum

21 1529 22 1536 ,
129 1483 248 1556 graviter
260 1481 383 1536 alllixiti.
401 1479 586 1535 Theudoricus
600 1483 720 1536 marchio
735 1480 955 1543 Sclavorum,
975 1481 1028 1535 cui
1045 1499 1119 1540 cum
1139 1503 1229 1539 cum·

21 1567 22 1570 ’
131 1563 320 1612 memorato
340 1557 454 1609 eadem
477 1554 543 1609 ruit
560 1556 724 1624 avaritia,
744 1555 877 1610 similis
897 1555 1109 1622 crudelitas,
1130 1559 1231 1630 depul-

21 1635 22 1648 ²
132 1649 178 1686 sus
198 1631 231 1682 ab
246 1629 349 1682 bonore
369 1636 396 1681 et
414 1628 487 1680 ornui
502 1629 664 1693 hereditate.
685 1630 879 1700 prebendarius
897 1632 967 1699 apud
980 1629 1148 1702 Magdsburg
1161 1633 1232 1686 mala

21 1717 22 1728 ³
74 1711 77 1717 '
132 1711 235 1766 morte,
255 1710 284 1756 ut
303 1702 400 1772 diguus
420 1699 484 1767 suit,
506 1703 584 1756 vitam
604 1702 716 1774 fiairit4.
754 1701 881 1757 ldistirroi
906 1703 1067 1775 princeps
1086 1703 1232 1759 Sclave-

133 1795 218 1841 rum,
239 1777 331 1829 circa
352 1773 469 1826 ultima
489 1783 642 1846 tempora
664 1775 853 1844 penitentia
874 1777 1010 1839 duetus,
1031 1780 1064 1832 ad
1084 1777 1231 1833 Dominum

133 1859 271 1912 reversus,
301 1865 361 1902 cum
383 1845 469 1900 nollet
494 1848 696 1903 cristianitatem
724 1851 863 1913 deserere,
888 1851 1017 1920 depulsus
1042 1860 1083 1905 est
1103 1870 1117 1906 a
1137 1853 1233 1922 patria,

134 1923 297 1994 fugiensque
316 1922 350 1974 ad
370 1917 475 1974 Bardos
494 1920 596 1976 ibidem
616 1923 758 1976 consenuit
778 1921 892 1976 fideliss

217 2001 274 2072 17.
309 1993 363 2066 lle
385 1991 544 2068 Unwuno
564 1997 742 2090 episcopo.
804 1995 990 2070 Defuncto
1017 1996 1132 2096 igitur
1151 1997 1234 2070 Eri·

138 2123 233 2173 cone
257 2095 295 2169 in
313 2095 530 2194 Aldeuburg
548 2097 732 2172 successit
744 2096 998 2196 VolcwarduS‚
1016 2093 1103 2197 post
1121 2124 1234 2197 quem

137 2197 398 2297 Reglnbel'ttls.
425 2213 548 2280 Quorum
569 2218 642 2285 prior
660 2215 851 2278 Volcrrardus‚
871 2218 1133 2286 persecutionis
1153 2228 1234 2273 teur-

138 2315 222 2372 pors
242 2295 346 2351 Salaria
371 2298 478 2368 pulsus,
505 2298 591 2353 abiit
616 2299 643 2352 in
664 2298 847 2371 Norrregiam‚
874 2300 966 2374 ibique
992 2301 1090 2355 multos
1116 2300 1235 2355 Domine

21 2395 22 2400 ’
139 2390 267 2454 lucratus,
287 2407 347 2442 cum
367 2391 466 2460 gaudio
486 2388 752 2461 reditBrsmsme.
786 2375 828 2446 ln
852 2374 1235 2475 Hammemburgensl

141 2500 290 2573 quoque
315 2474 516 2573 metropoli
534 2476 742 2573 Adaldagm
771 2476 833 2573 qui
858 2475 1005 2573 primus
1028 2493 1055 2547 in
1078 2492 1237 2563 aldenburg

141 2592 275 2648 ormnem
293 2591 440 2662 episcopos,
462 2576 645 2650 successit
658 2575 883 2669 Libentius⁷‚
897 2577 954 2650 vir
972 2576 1171 2652 sanctitate
1184 2576 1238 2649 in·

143 2674 273 2775 signis,
318 2674 438 2747 Huius
462 2678 694 2775 temporibus
722 2676 848 2751 Sclavi
867 2677 1085 2753 defecerunt
1112 2678 1237 2751 afide.

141 2776 349 2851 posthunc
367 2774 438 2847 fult
451 2778 648 2874 Unwantlsq
669 2795 818 2849 clarissimo
834 2813 932 2867 genere
952 2796 1097 2862 oriundus,
1117 2805 1239 2868 preterea

142 2876 263 2932 diisset
288 2872 392 2943 largus,
421 2878 546 2931 omuibus
570 2876 725 2932 hominibus
750 2888 891 2950 acceptus,
920 2880 993 2934 clero
1013 2889 1103 2933 autem
1120 2878 1242 2949 adprime

143 2968 320 3023 benevolus&
340 2949 394 3022 Eo
413 2949 528 3050 igitur
544 2962 727 3051 tempore,
749 2977 824 3051 quo
844 2954 917 3026 dux
934 2952 1149 3028 Bernardus
1168 2952 1242 3027 sui-

146 3076 219 3150 que
247 3050 452 3149 complices
479 3052 599 3126 cesari
618 3052 795 3127 Heinrice
819 3053 1027 3151 rebellavit,
1053 3054 1243 3127 omnibus·

148 3176 220 3251 que
239 3148 403 3225 Saxonis
427 3153 597 3227 ecclesiis
625 3164 727 3228 esset
746 3154 872 3252 gravis
898 3164 936 3227 et
953 3153 1147 3253 infestusl,
1167 3153 1243 3227 illis

147 3250 312 3366 maxime
334 3251 396 3350 qui
415 3278 506 3351 erga
525 3253 764 3330 maiestatem
783 3255 1067 3353 imperatoriam
1086 3254 1245 3330 fidelita-

147 3354 196 3427 tis
215 3376 284 3425 sue
301 3378 385 3425 rura
399 3363 586 3429 temerare
605 3354 827 3453 noluissent,
848 3372 906 3427 erus
927 3374 1056 3444 impetum
1077 3374 1126 3427 vrri
1146 3374 1246 3427 dicitur

150 3453 367 3523 archiepiscopus
382 3451 514 3507 Unwanus
527 3472 574 3508 sua
589 3455 808 3525 magnanimitate
821 3455 978 3525 refregisse,
999 3463 1029 3509 ut
1042 3464 1152 3527 propter
1169 3456 1247 3526 sapi·

149 3526 248 3582 entiam
268 3533 295 3579 et
313 3526 500 3581 liberalitatem
515 3527 632 3599 episcopi
651 3538 795 3599 cogeretur
813 3530 870 3599 ipse
883 3532 951 3594 dur,
971 3530 1086 3585 ecclesie
1105 3530 1148 3583 cui
1168 3539 1246 3583 autea

150 3602 304 3654 adversatus
324 3607 377 3661 est,
397 3600 524 3669 deinceps
540 3602 671 3673 benignus
682 3619 741 3657 esse
760 3602 786 3655 in
801 3604 935 3657 omnibus.
968 3602 1052 3675 lgitur
1071 3602 1163 3657 habito
1176 3619 1249 3672 pou-

150 3673 231 3729 tillois
257 3671 384 3735 consilio,
415 3674 522 3727 rebellis
551 3674 674 3745 princeps
703 3678 811 3729 tandem
837 3677 936 3741 flexus,
965 3678 1036 3747 apud
1058 3674 1249 3747 Scalchisburg

152 3745 238 3801 cesari
257 3744 386 3799 Heinrico
410 3746 520 3817 supplex
546 3748 621 3803 dedit
640 3766 745 3804 manus.
782 3747 847 3805 Mor
866 3767 974 3821 quoqne
993 3750 1100 3803 lurente
1118 3746 1248 3812 Uurrauo,

155 3894 180 3965 1)
199 3896 275 3964 Apud
293 3895 326 3949 Η.
340 3924 369 3935 -
380 3894 493 3965 perfidia
512 3896 630 3953 indidem
651 3918 675 3953 e.
689 3898 721 3955 41
744 3910 771 3955 et
789 3900 834 3952 42.
982 3897 1010 3968 2)
1032 3895 1087 3966 filio
1105 3897 1249 3965 Baunonia

153 3970 253 4024 rectius
265 3966 424 4024 Hermanni.
454 4030 458 4041 Ι
481 3970 508 4039 3)
527 3972 601 4027 Haec
616 3971 733 4042 sacta·
747 3972 848 4043 essitare
865 3974 945 4026 rerba
959 3970 1058 4028 Adami
1077 3972 1097 4024 l.
1112 3968 1146 4023 ll.
1163 3988 1187 4023 c.
1200 3968 1250 4031 433

154 4040 295 4097 Libentius
314 4040 381 4095 obiit
401 4060 471 4097 anno
493 4044 572 4101 1013.
665 4045 692 4117 4)
712 4048 919 4115 (Theodericus)
939 4048 1062 4117 depulsus
1074 4074 1102 4083 κ
1117 4042 1202 4112 finiuit
1219 4058 1252 4095 ex

154 4115 257 4171 scholio
270 4114 316 4171 32.
337 4116 369 4168 ad
383 4114 481 4172 Adam.
500 4117 518 4171 l.
533 4118 551 4173 l.
566 4137 588 4173 c.
601 4118 647 4173 43.
704 4118 730 4187 5)
750 4120 789 4174 M.
809 4135 867 4173 cum
885 4121 1001 4176 nodet·
1013 4116 1102 4185 fidelis
1121 4134 1154 4169 ex
1166 4115 1253 4168 sclro-

153 4186 250 4243 15028.
270 4190 304 4241 sd
324 4184 423 4243 Adami
442 4188 509 4259 1.Jt.
529 4209 552 4247 c.
565 4192 610 4245 40.
674 4192 699 4264 6)
719 4190 760 4245 Ex
778 4191 878 4247 Adami
897 4194 915 4245 l.
935 4190 971 4247 ll.
990 4209 1013 4243 c.
1028 4189 1072 4242 44.
1130 4189 1157 4260 7)
1176 4186 1253 4243 Sedit

155 4262 189 4315 sb
209 4278 281 4315 anno
295 4259 350 4315 988
365 4276 453 4335 usque
473 4283 497 4317 a.
512 4264 591 4321 1013.
602 4266 684 4322 Febr.
698 4265 724 4322 4.
780 4265 808 4337 8)
830 4264 1151 4336 Urucam-beoeuotas
1171 4264 1253 4315 rerba

155 4334 257 4391 Adurni
276 4336 295 4390 l.
315 4332 394 4391 lt‘e.
408 4336 454 4393 45.
529 4338 555 4412 9)
577 4340 610 4395 V.
629 4338 696 4395 ibid.
716 4358 739 4395 c.
753 4338 787 4391 46
807 4348 834 4393 et
852 4357 930 4409 supra
950 4334 1041 4392 llelru.
1062 4336 1080 4391 l.
1101 4335 1121 4390 l.
1141 4353 1166 4389 c.
1184 4334 1225 4389 16.
