3000 4900
261 475 309 548 sa
361 463 608 542 nonnosus
627 459 870 537 senonici
893 456 1161 534 suevonun.
1188 460 1276 534 xia.
1295 459 1320 533 r.
1409 447 1412 452 ·
1485 403 1486 440 ³

264 681 423 768 rentque
448 666 570 740 aciem
590 666 636 736 ad
657 657 923 758 congressum,
943 663 1082 756 corruit
1100 663 1161 736 ille
1182 663 1227 735 ad
1248 663 1367 760 pedes

265 770 444 874 principis
463 768 613 840 dicens:
649 761 703 834 Ne
720 765 910 834 irascatur
933 760 1102 836 dontinus
1119 770 1244 836 noster
1260 777 1372 855 super

265 893 390 948 seruos
414 891 513 942 suos.
556 865 649 938 Ecce
673 870 777 936 terra
798 865 838 935 in
861 871 1055 957 conspectu
1084 871 1149 936 tuo
1177 870 1241 958 est,
1269 870 1372 936 utere
1487 899 1488 922 .

268 998 312 1049 eu
329 971 485 1066 utlibet,
504 988 628 1040 omncs
645 967 684 1038 in
696 986 811 1036 manu
825 969 892 1035 tuo
904 985 1031 1037 sumus
1038 994 1053 1058 ‚-
1071 963 1243 1062 quicquid
1257 968 1375 1057 impo-

268 1075 385 1150 sueris
411 1074 580 1160 fererntm.
626 1066 797 1155 Quatuor
824 1064 937 1160 igitur
963 1065 1111 1139 milibus
1141 1076 1177 1138 et
1198 1065 1373 1162 quadrin-

269 1173 394 1274 gentis
430 1168 568 1242 marcis
594 1190 728 1264 pacem
757 1165 939 1262 indempti
970 1165 1095 1262 sunt¹,
1129 1166 1374 1264 acceptisque

271 1273 462 1349 obsidibus
489 1269 687 1343 Heinricus
716 1265 753 1337 in
784 1275 925 1337 terram
961 1287 1075 1339 suam
1097 1290 1274 1340 reversus
1302 1275 1375 1360 est,

270 1367 485 1470 dimisitque
512 1369 719 1442 exercitum
747 1389 1055 1464 uirumquemque
1092 1367 1128 1440 in
1155 1391 1234 1441 sua.
1275 1366 1377 1439 Misit
1489 1457 1490 1462 Ἰ

271 1487 399 1550 autem
419 1470 576 1545 nuncios
601 1469 638 1541 in
657 1479 798 1540 terram
818 1466 1074 1563 Rugianornm
1100 1471 1145 1540 ad
1166 1468 1375 1567 suscipien-

273 1581 358 1674 dam
375 1572 575 1672 pecuniam
590 1592 704 1666 quam
720 1567 983 1665 promiserant.
1006 1570 1118 1642 Porro
1135 1573 1233 1667 apud
1248 1571 1378 1642 Ranos

273 1701 348 1750 non
370 1677 530 1747 habetur
557 1679 723 1764 moneta,
750 1691 821 1740 nec
842 1669 957 1740 estin
979 1670 1242 1767 comparandis
1262 1674 1376 1742 rebus

274 1796 517 1850 nummorum
533 1772 781 1864 consuetudo,
798 1771 864 1840 sed
881 1769 1052 1867 quicquid
1069 1771 1106 1840 in
1120 1770 1200 1842 foro
1217 1769 1379 1843 mercari

275 1875 455 1969 volueris
474 1895 600 1971 panno
619 1870 718 1943 lineo
740 1870 987 1966 comparabis.
1023 1871 1165 1942 Aurum
1187 1881 1224 1944 et
1243 1895 1380 1968 argen-

274 1990 355 2052 tum
370 1977 467 2073 quod
483 1974 579 2046 forte
595 1995 664 2068 per
682 1969 835 2068 rapinas
847 1980 883 2042 et
894 1971 1088 2068 captiones
1105 1972 1301 2044 hominum
1317 1971 1379 2043 vel
1491 1965 1492 2038 l

276 2081 525 2171 undecunque
551 2071 677 2170 adepti
703 2081 804 2165 sunt,
832 2081 895 2142 aut
922 2095 1079 2144 uxorum
1101 2097 1254 2145 suarum
1277 2071 1381 2144 culti·

277 2184 346 2253 bus
371 2175 613 2273 impendunt,
641 2171 762 2244 autin
787 2172 948 2245 erarium
977 2172 1035 2245 dei
1062 2173 1119 2245 sui
1149 2171 1382 2246 conseruata

280 2277 408 2371 Posuit
435 2275 547 2372 igitur
573 2273 629 2346 eis
648 2271 846 2344 Heinricns
871 2273 907 2343 in
936 2274 1169 2371 appensione
1197 2285 1381 2348 stateram
1492 2293 1493 2302 ¹

279 2375 495 2479 gravissimi
511 2373 700 2474 ponderis.
737 2374 907 2470 Cumque
928 2374 1197 2448 exhausissent
1217 2374 1382 2448 erarium

205 2571 209 2577 Ι
278 2480 469 2580 publicum
495 2487 533 2549 et
556 2474 728 2573 quicquid
762 2474 798 2546 in
831 2474 986 2572 privatis
1015 2476 1093 2549 suis
1128 2477 1207 2548 auri
1235 2477 1295 2549 vel
1325 2500 1385 2547 ar·
1493 2514 1494 2563 i

280 2580 384 2679 genti
404 2579 626 2673 habuerant‚
646 2576 705 2648 vix
725 2574 969 2649 medietatem
988 2577 1266 2674 persolverunt7
1291 2586 1385 2674 puto

282 2692 422 2755 statera
451 2676 582 2751 delusi.
628 2675 884 2763 Quamobrem
912 2678 1028 2749 iratus
1047 2678 1259 2773 Heinricus7
1284 2680 1383 2774 quod

282 2780 471 2881 promissa
497 2802 542 2850 ex
569 2776 717 2873 integro
746 2801 821 2848 non
847 2777 1134 2875 persolvissent,
1161 2780 1307 2877 paravit
1326 2801 1386 2851 se·

284 2884 445 2956 condam
465 2878 736 2976 profectionem
755 2877 792 2948 in
816 2887 956 2951 terram
977 2879 1244 2976 Rugianorum.
1280 2880 1390 2952 Acci·

282 2994 399 3081 toque
417 2984 512 3053 duce
530 2978 703 3072 Liudero‚
729 2979 900 3075 proxima
923 2979 1062 3077 hieme,
1087 3004 1158 3078 que
1178 3004 1283 3053 mare
1303 3004 1389 3078 per·

285 3085 387 3156 vium
419 3080 595 3173 reddidit,
635 3079 786 3151 intravit
828 3090 968 3152 terram
1004 3081 1261 3178 Rugianornm
1299 3101 1385 3153 cum

286 3206 426 3280 magno
458 3181 692 3255 Sclavorum.
712 3191 750 3251 et
784 3180 975 3253 Saxonum
1012 3182 1189 3254 exercitu.
1242 3182 1388 3279 Vixque

285 3284 403 3359 tribus
424 3281 594 3354 noctibus
613 3279 687 3352 illic
706 3291 983 3379 remanserant,
1012 3293 1049 3355 et
1068 3282 1167 3380 cepit
1186 3282 1309 3356 hiems
1329 3306 1391 3354 re·

287 3384 396 3479 solvi,
429 3394 467 3456 et
491 3382 633 3479 glacies
660 3381 883 3478 liquescere.
929 3383 1166 3480 Contigitque
1192 3393 1232 3455 ut
1251 3382 1391 3480 irnper-

287 3486 397 3559 fectis
425 3486 537 3555 rebus
564 3492 802 3555 revertentes
828 3483 970 3556 marina
991 3484 1157 3581 pericula
1177 3484 1237 3555 vix
1258 3507 1394 3557 evase-

288 3584 397 3681 rint³‚
417 3594 455 3657 et
472 3608 546 3655 non
562 3584 780 3655 adiecerunt
793 3583 964 3657 Saxones
980 3586 1076 3657 ultra
1092 3585 1231 3657 intrare
1245 3578 1392 3657 terram

287 3683 1395 3783 Ranorum,eoquodHeinricusmodicosupervivenstem·

287 3784 417 3889 porel,
437 3796 559 3859 morte
578 3808 647 3858 sua
667 3786 925 3859 controversie
943 3784 1059 3859 finem
1083 3786 1237 3859 dederit.
1383 3780 1388 3789 ’

363 3892 423 3965 39.
459 3885 612 3981 Strapcs
628 3885 894 3959 Romanorum.
943 3886 1024 3961 Fuit
1049 3898 1175 3960 antem
1201 3886 1300 3959 circa
1318 3887 1395 3959 hos

289 4040 315 4113 l)
334 4040 381 4096 sic
399 4058 448 4112 pro
467 4043 569 4110 πομπὴ
587 4040 642 4094 vid.
661 4040 731 4093 inira
753 4058 776 4093 c.
788 4040 833 4094 50.
853 4049 880 4095 et
899 4040 918 4095 l.
936 4040 974 4096 ll.
991 4041 1061 4103 c.8:
1082 4042 1183 4097 Adam.
1196 4040 1288 4096 Brem.
1307 4040 1327 4094 l.
1341 4038 1395 4095 tit.

288 4133 312 4168 c.
330 4115 376 4167 2l.
450 4114 479 4181 2)
497 4113 578 4168 Cool.
598 4132 678 4184 supra
699 4130 760 4183 cap.
778 4113 823 4168 36.
897 4114 925 4185 3)
944 4113 1016 4169 Anu.
1031 4114 1117 4169 tatio.
1130 4118 1163 4169 ad
1181 4133 1204 4171 a.
1217 4116 1302 4170 tias:
1327 4113 1394 4168 Dux

288 4188 418 4245 liuderus
434 4193 528 4242 contro
537 4189 649 4245 Sctuuos
665 4192 740 4242 trans
749 4186 853 4243 Attium
869 4194 1014 4245 caerulum
1027 4192 1119 4255 duom
1137 4191 1187 4245 scd
1201 4193 1289 4245 inacte
1302 4188 1399 4243 rediit.

289 4260 316 4332 4)
345 4259 402 4314 Rex
427 4258 574 4315 Heinricus
599 4260 667 4315 obiit
692 4278 716 4314 a.
740 4258 821 4315 1127.
845 4258 929 4315 Mart..
945 4262 994 4317 Ὦ..
1035 4260 1113 4317 Diem
1141 4263 1203 4317 ride
1229 4262 1258 4317 in
1283 4256 1400 4315 Necrol.

290 4332 444 4404 Luneburg.
465 4330 544 4387 Conl.
564 4332 634 4387 inira
654 4351 712 4404 cap.
731 4332 769 4385 46
788 4332 833 4385 fin
