3000 4900
149 440 394 573 nnonoxox
413 459 655 534 onnomox
673 456 940 535 sxxvoxon.
971 461 1060 535 ιιι.
1079 461 1106 534 ι.
1154 465 1223 538 ιιι

123 661 413 760 philosophatus
432 670 492 733 est
508 660 545 732 in
566 660 634 734 eis.
669 659 796 735 Multis
816 660 916 734 enim
936 657 1225 760 precantationi-

125 766 196 836 bus
222 761 349 835 allexit
376 784 463 857 eos,
488 785 686 859 quousque
711 764 867 834 duceret
894 766 964 836 sub
990 762 1113 834 lorum
1139 763 1225 835 illos

124 861 278 975 inquam
297 885 462 975 onagros
480 861 694 934 indomitos.
737 861 875 934 Viderit
860 863 956 960 tqui
974 863 1147 959 voluerit,
1171 863 1224 935 fa-

125 963 221 1038 ciem
240 961 366 1079 gentis
384 962 496 1035 huius
515 962 767 1060 immutatam,
786 987 853 1036 eos
873 963 1017 1036 scilicet

126 1125 134 1155 ι.
225 1087 288 1160 pur
281 1061 403 1136 soliti
421 1065 609 1160 quondam
628 1065 790 1160 fuerunt,
816 1087 939 1136 secum
963 1070 1076 1157 caput
1090 1061 1225 1188 obdere

324 1163 451 1260 tarvis,
1207 1195 1213 1208 ·

276 1270 312 1340 ct
326 1219 572 1358 depredandis
589 1262 734 1337 tondere
751 1263 952 1359 decipulae,

125 1363 240 1437 furari
259 1389 334 1462 que
352 1388 487 1463 rapere
506 1389 581 1436 non
601 1374 788 1463 poterant⁷
806 1365 953 1461 viderit⁷
970 1363 1138 1461 inquam,
1158 1387 1224 1437 eos

124 1465 358 1539 convertisse
372 1471 499 1538 mores
516 1476 551 1538 et
566 1489 772 1538 revocasse
787 1489 945 1562 gressus
961 1467 1007 1537 ad
1022 1464 1093 1536 iter
1108 1464 1227 1562 pacis.

117 1564 256 1638 dlonue
282 1567 357 1639 heo
383 1576 442 1638 est
464 1565 620 1638 mutatio
639 1569 793 1640 dextere
813 1563 1008 1639 Excelsil¹
1045 1566 1135 1638 Post
1151 1565 1224 1637 heo

123 1665 388 1740 reconciliatos
415 1677 474 1741 ost
502 1690 631 1739 comes
650 1666 780 1762 Suom,
806 1666 886 1763 regi
911 1667 1115 1738 Danorum
1157 1665 1224 1738 llle

126 1766 227 1839 enim
256 1766 397 1840 crebris
425 1778 673 1865 prosperatus
698 1767 877 1862 victoriis
904 1767 1094 1839 Kanutum
1115 1765 1226 1838 eiecit

123 1869 169 1938 de
194 1877 309 1962 terra,
338 1877 375 1938 et
402 1871 448 1940 ad
467 1867 637 1945 Saxones
664 1837 887 1966 Propulsuni
915 1867 1067 1940 exulare
1087 1866 1225 1962 coegit

74 2054 80 2060 ¹
124 1991 245 2080 penes
259 1966 603 2040 nominatissimum
617 1968 845 2041 Hartwicum
861 1965 1225 2080 archiepiscopum²

124 2093 186 2165 qm
177 2067 416 2142 clarissimo
444 2092 586 2165 genere
606 2079 717 2141 natus
736 2093 877 2165 magna
896 2065 1062 2167 pollebat
1078 2065 1226 2140 heredi-

122 2167 235 2242 tate³.
372 2225 376 2230 .

165 2274 167 2278 ’
199 2273 259 2342 68.
285 2269 339 2341 De
358 2266 648 2342 ducelleinrico.
700 2271 742 2341 ln
761 2271 890 2344 diebus
910 2268 981 2342 illis
1002 2271 1073 2340 dux
1093 2277 1225 2341 noster

123 2335 347 2442 adolescens
368 2371 544 2443 domnam
564 2370 829 2467 Clementiam,
847 2369 962 2442 filiam
979 2368 1140 2444 Conradi
1159 2370 1224 2440 du-

123 2470 176 2543 cis
205 2471 252 2545 de
272 2467 480 2568 Zeringge‚
507 2472 610 2545 duxit
629 2469 810 2544 uxorem⁴
837 2471 1010 2570 cepitque
1038 2468 1222 2582 dominari

121 2572 159 2643 in
195 2569 371 2645 universa
398 2583 498 2644 terra
524 2572 765 2668 sclavorum,
801 2594 1050 2645 succrescens
1077 2568 1222 2644 sensim

123 2682 160 2745 et
194 2665 445 2745 invalescens.
489 2672 681 2786 Quotiens
718 2672 818 2745 enim
851 2661 1101 2745 offendissent
1134 2694 1221 2743 eum
1293 2712 1295 2716 ·

122 2770 261 2865 Sclavi⁷
279 2772 496 2845 admovit
464 2796 520 2846 ers
539 2772 712 2846 martiam
727 2797 896 2869 manum,
915 2775 1172 2868 dederuntque
1187 2770 1221 2842 ei

148 2896 189 2944 ro
214 2871 290 2943 vita
314 2872 426 2946 simul
455 2883 493 2945 et
518 2872 638 2972 patria
662 2873 836 2972 quicquid
856 2872 1008 2970 exigere
1027 2873 1222 2945 voluisset.

120 2898 162 3045 in
197 2972 313 3045 variis
344 2984 472 3046 autem
505 2974 826 3071 expeditionibus,
858 2997 952 3071 quas
984 2974 1107 3047 adhuc
1131 2973 1223 3043 ‘ado-

119 3073 273 3146 lescens
308 3072 346 3144 in
374 3073 563 3146 Sclaviam
596 3075 787 3172 profectus
821 3072 1009 3171 exercuit,
1041 3072 1143 3145 nulla
1175 3073 1221 3144 de

121 3172 395 3247 christianitate
419 3174 488 3246 fuit
513 3174 672 3271 mentio,
700 3179 768 3248 sed
793 3185 941 3247 tantum
973 3178 1019 3248 de
1049 3172 1221 3272 pecunia.

118 3274 251 3348 Adhuc
279 3274 379 3346 enim
407 3273 654 3348 immolabant
679 3276 864 3349 demoniis
893 3287 930 3348 et
957 3299 1032 3347 non
1058 3276 1157 3370 Deo,
1184 3282 1222 3347 et

120 3377 285 3471 agebant
303 3374 480 3471 piraticas
505 3375 782 3449 incursationes
802 3374 838 3447 in
857 3386 997 3448 terram
1016 3376 1222 3448 Danorum.

195 3478 256 3549 69.
293 3473 348 3548 Dc
373 3475 560 3549 Harhoico
592 3476 877 3570 archiepiscopo.
933 3475 1071 3548 Videns
1107 3473 1223 3571 igitur

119 3544 282 3648 domnus
283 3576 521 3688 Hermione,
540 3575 945 3673 Hammemburgensis
971 3575 1222 3673 archiepisco

116 3700 205 3774 pus,
230 3674 316 3773 quia
341 3699 414 3775 pax
439 3688 520 3749 erat
537 3677 575 3749 in
594 3676 756 3775 Sclavia,
784 3676 981 3791 proposuit
998 3672 1219 3749 reedificare

119 3779 232 3849 sedes
266 3776 503 3875 episcopales
531 3802 625 3875 quas
652 3778 870 3852 barbaricus
899 3777 1003 3849 furor
1035 3776 1125 3848 olim
1158 3776 1221 3847 de·

118 3876 332 3950 struxerat
322 3903 359 3950 m
375 3877 537 3975 Sclavia,
557 3877 701 3952 scilicet
713 3879 1081 3975 Aldenburgensem5
1094 3875 1221 3963 llacis·
1320 3966 1323 3971 Δ

115 3981 364 4077 burgensem,
382 3978 779 4077 Mikilenbur.gensem
815 3981 843 4052 E
864 3979 996 4077 quibus
1014 3978 1219 4051 Aldenbur·

121 4160 147 4231 1)
160 4158 212 4215 Po.
232 4161 278 4217 77.
298 4179 323 4215 ι.
345 4160 389 4215 11.
481 4160 508 4233 2)
529 4158 580 4216 Cu
571 4179 613 4216 us
639 4170 794 4215 antecessor
811 4160 950 4217 Adalbero
974 4163 1045 4215 diem
1065 4178 1219 4233 supremum

118 4232 226 4288 obierat
254 4251 281 4287 a.
310 4232 392 4292 1148
419 4232 488 4303 Aug.
513 4233 569 4299 25;
594 4253 620 4289 ι.
646 4233 746 4290 hunul.
777 4232 852 4290 sud.
881 4245 909 4289 et
934 4232 1041 4289 Necrol.
1066 4232 1219 4303 Hsmburg

117 4305 424 4376 atestinum!
444 4324 502 4378 cap.
523 4305 550 4363 6.
660 4306 708 4381 4)
708 4324 746 4361 ιιι.
772 4324 843 4361 anuo
865 4307 945 4363 1147.
