3000 4900
167 451 413 524 HELMOLDI
432 449 673 524 CHRONICA
693 447 962 522 SLAVORUM.
988 445 1074 520 LlB.
1093 446 1119 518 l.
1172 451 1218 523 51

119 651 241 705 sessione
258 649 359 704 Christi
377 649 491 703 fustibus
508 667 595 712 cesus,
615 648 712 703 deinde
731 648 914 719 persingulas
928 648 1048 702 civitates
1064 645 1223 702 sclavorum

13 751 14 756 κ
121 726 219 778 ductus
235 725 269 777 ad
286 723 442 787 ludibrium,
463 740 523 776 cum
545 739 559 775 a
576 722 676 776 Christi
692 723 801 780 nomine
816 721 888 776 llecti
904 738 959 774 non
975 728 1074 791 posset,
1094 720 1225 775 truncatis

12 803 13 806 ’
121 797 246 850 manibus
266 814 298 850 ac
317 797 443 867 pedibus,
463 812 561 866 corpus
581 795 638 848 eius
658 795 686 848 in
704 797 792 867 platea
813 795 960 865 proiectum
981 802 1036 857 est,
1062 802 1141 864 ceput
1161 809 1225 846 vero

121 871 276 940 desectum,
303 871 376 940 quod
403 868 546 937 barbari
572 877 652 922 conto
678 869 841 939 protegentes
860 869 886 920 in
906 867 1014 921 titulum
1034 866 1145 920 victorie
1164 864 1225 919 Deo

12 965 14 974 ·
121 961 173 996 suo
198 941 344 1012 Radigaato
369 941 584 995 immolaverunt
627 939 687 995 Hcc
714 941 742 994 in
770 940 912 1012 metropoli
939 939 1098 995 Sclarorum
1123 938 1226 992 llethre

122 1025 196 1086 gesta
216 1024 279 1069 sunt
297 1013 323 1070 4.
343 1013 406 1068 ldus
426 1011 613 1068 Novembrisl.

199 1091 258 1162 24.
289 1089 413 1160 Prima
431 1087 581 1174 delectio
601 1087 817 1162 Seianorum
837 1111 861 1159 a
878 1086 948 1175 fide
967 1085 1104 1161 Christi.
1159 1102 1225 1180 litia

12 1195 13 1250 ζ
122 1188 195 1257 regis
210 1187 347 1242 Dauorum
363 1189 433 1257 apud
450 1185 648 1258 Milelcnburp‚
665 1187 798 1242 civitatem
815 1185 1011 1250 Obotritorum,
1027 1189 1099 1239 nuda
1115 1185 1227 1239 dimissa

12 1287 13 1302 t
122 1271 236 1316 estcum
247 1261 343 1316 'ceteris
353 1260 522 1316 mulieribus.
550 1257 629 1314 Hanc
645 1261 726 1324 enim,
743 1270 773 1313 ut
788 1277 868 1331 supra
882 1259 1026 1323 dirimus²‚
1043 1255 1227 1314 Godesealeus
1311 1266 1318 1281 ⁴

122 1335 247 1405 princeps
265 1334 360 1388 habuit
372 1350 492 1388 uxorem.
520 1333 546 1389 Α
566 1351 618 1405 qua
638 1333 765 1387 etlilium
780 1333 899 1403 suscepit
913 1330 1083 1386 Heinricum.
1111 1331 1153 1384 Ex
1171 1331 1226 1384 alia

122 1424 187 1460 vero
215 1405 305 1462 Butue
330 1416 408 1460 natus
435 1406 500 1472 luit,
526 1423 623 1475 magno
649 1415 764 1480 uterque
791 1403 894 1459 Sclavis
913 1404 1020 1458 excidio
1040 1405 1154 1474 genitus.
1191 1403 1228 1458 Et

123 1479 243 1534 Sclari
270 1480 379 1553 quidem
400 1479 511 1533 victoria
533 1479 607 1550 potiti
627 1488 710 1533 totam
730 1477 1039 1547 Hammemhurgensem
1059 1477 1225 1547 provinciam

122 1553 197 1606 ferro
217 1561 244 1608 et
264 1553 326 1624 igne
346 1553 466 1607 demoliti
486 1561 558 1607 sunt.
597 1551 739 1606 sturmarii
768 1560 801 1606 et
818 1549 965 1605 Holzati
991 1549 1048 1603 iere
1066 1566 1160 1603 omnes
1179 1558 1227 1603 aut

123 1627 207 1679 occisi
227 1627 319 1679 autin
340 1625 519 1697 captivitatem
540 1625 622 1680 ducti.
651 1623 776 1679 Castrum
795 1622 1013 1692 Hammemburg
1034 1622 1155 1679 funditus
1175 1623 1227 1675 ex-'

123 1699 220 1764 cisum,
240 1707 268 1753 et
286 1699 313 1754 in
334 1699 494 1764 derisionem
512 1697 659 1752 Salvatoris
678 1700 763 1752 nostri
779 1698 862 1751 etiam
877 1715 972 1750 cruces
988 1713 1002 1749 a
1019 1697 1129 1766 paganis
1145 1705 1227 1750 trun-

122 1780 183 1826 cate
209 1781 280 1826 sunt
319 1771 381 1845 lpse
407 1775 558 1843 codemque
582 1780 702 1842 tempore
727 1769 873 1835 Sleswich,
901 1787 966 1841 que
991 1771 1063 1823 alio
1089 1770 1226 1823 nomine

123 1843 233 1900 Heidi
245 1845 286 1898 bo
312 1845 460 1908 dieitur,
480 1845 574 1899 civitas
589 1836 856 1908 'transalbianorum
877 1843 996 1914 quesita
1012 1852 1052 1896 εει
1065 1842 1094 1895 io
1111 1842 1227 1896 confinio

123 1918 201 1988 regni
221 1916 334 1984 Daniei,
353 1918 555 1990 opulentissima
573 1926 654 1990 atque
673 1918 890 1988 populosissima,
910 1933 942 1970 er
960 1916 1106 1986 improviso
1123 1916 1227 1969 herha-

123 2007 217 2044 rorum
237 1992 347 2045 incursu
367 1991 487 2045 lunditus
507 1990 595 2045 excisa
616 1993 685 2044 esti.
714 1989 827 2060 lmpleta
847 1998 888 2042 εει
905 1984 984 2042 nohis
1004 1987 1152 2058 prophetia,
1173 2004 1227 2058 quc

124 2064 176 2118 ait:
203 2064 290 2135 Deus,
315 2069 445 2120 verterunt
465 2069 559 2133 pentes
582 2067 611 2120 to
635 2065 805 2119 hereditatem
830 2068 914 2132 tuero,
939 2063 1089 2131 pottuerunt
1106 2062 1227 2130 temptum

123 2141 244 2192 sunctum
260 2141 347 2191 tuum⁴
367 2136 522 2208 etreliqua,
543 2153 596 2210 que
607 2136 765 2206 prophetice
781 2134 955 2205 deplorantur
970 2135 997 2186 in
1015 2133 1228 2188 ierosolimitaoe

12 2237 14 2248 ι
124 2211 202 2263 urbis
217 2209 329 2264 excidio.
362 2208 453 2264 Huius
472 2219 567 2263 auctor
584 2209 667 2262 cladis
687 2207 784 2262 Blusso
803 2208 886 2262 luisse
906 2209 1016 2272 dieitur,
1040 2207 1085 2280 qui
1105 2225 1227 2262 sororem

12 2337 13 2346 ³
125 2283 221 2336 habuit
237 2281 407 2347 Godesealci,
428 2286 593 2354 domumque
607 2299 731 2336 reversus
748 2281 843 2352 etipse
860 2282 1037 2335 obtruncatus
1054 2289 1103 2336 εει.
1131 2279 1227 2352 ltaque

12 2357 13 2404 ἶ
126 2374 220 2410 omnes
240 2353 330 2411 Sclasi
352 2357 420 2409 lacta
440 2355 637 2427 conspiratione
656 2356 775 2425 generali
797 2357 830 2408 ad
852 2356 1035 2426 paganismum
1063 2357 1152 2408 denuo
1177 2370 1227 2407 re-

125 2429 195 2500 lapsi
220 2439 297 2494 sunt,
323 2430 363 2483 eis
386 2429 491 2495 occisis,
518 2428 563 2501 qui
591 2428 768 2500 perstiterunt
793 2428 820 2481 in
845 2428 907 2482 lide.
950 2426 1011 2481 Dur
1037 2423 1170 2481 Ordulius
1198 2426 1227 2480 in

124 2520 224 2556 vanum
241 2519 305 2573 sepe
321 2511 411 2557 contra
428 2501 538 2557 Sclaros
555 2502 685 2556 dimicans
701 2519 749 2573 per
767 2500 801 2552 12
817 2518 910 2564 annos,
930 2501 1028 2571 quibus
1044 2501 1113 2569 patri
1129 2516 1227 2570 super-

125 2576 203 2639 vixit}
228 2576 331 2629 nullam
357 2593 484 2649 umquam
510 2584 617 2647 poterat
636 2574 759 2629 obtinere
782 2574 936 2639 victoriam,
964 2574 1116 2645 totiensque
1142 2573 1227 2627 victus

124 2686 139 2721 a
158 2665 279 2740 paganis,
299 2683 314 2720 a
333 2667 390 2721 suis
410 2667 491 2721 etiam
511 2668 615 2721 derisus
634 2669 705 2722 εειῡ.
759 2648 903 2721 Accidit
926 2658 1055 2720 autem
1082 2656 1227 2745 perlut-

124 2750 224 2825 batio
251 2751 323 2823 hec
349 2751 388 2823 in
415 2750 637 2847 Solavorum
660 2748 855 2848 provincia
879 2771 979 2822 anno
1002 2758 1089 2846 post
1106 2748 1228 2820 incar·

125 2851 321 2924 nationem
335 2850 485 2923 Domini
504 2850 704 2925 millesimo
725 2849 967 2947 sexagesimo
988 2859 1110 2944 sexto,
1128 2870 1227 2920 anno
1239 2856 1321 2914 toto.

125 2950 236 3049 regni
248 2950 413 3025 Heinrici
433 2951 554 3050 quarti
573 2961 716 3026 octavo.
742 2951 789 3024 Et
803 2951 951 3025 vaeavit
965 2951 1078 3023 sedes
1092 2949 1228 3022 Alden·
1251 3021 1255 3027 .

125 3052 329 3149 burgensis
349 3054 456 3126 annis
476 3052 667 3150 octoginta
686 3062 856 3151 quatuor.

203 3153 262 3227 25.
297 3153 352 3226 De
380 3154 544 3228 Crotone.
597 3153 804 3251 Postquam
831 3150 944 3249 igitur·
970 3161 1143 3224 mortuus
1170 3158 1230 3223 εει

127 3254 399 3351 Godesealcus,
419 3252 612 3340 virbonus
633 3263 670 3326 et
688 3253 810 3327 cultor
826 3251 895 3326 Dei
904 3250 932 3348 ⁶,
951 3254 996 3325 ad
1012 3250 1131 3324 filium
1147 3250 1237 3325 eius‘

125 3354 248 3428 Butne
268 3354 443 3451 pervenit
464 3352 696 3454 principatus
718 3353 800 3427 eius
826 3352 1052 3426 hereditaria
1078 3376 1230 3425 sueces-

128 3455 195 3529 sio.
231 3455 425 3529 Timentes
445 3464 573 3528 autem
592 3454 656 3552 hii,
682 3454 745 3553 qui
763 3465 910 3554 patrem
931 3452 1012 3527 eius
1032 3453 1230 3527 interiece-

127 3566 226 3653 rant‚
252 3580 301 3629 ne
328 3558 421 3631 forte
446 3555 544 3630 filius
569 3556 667 3628 ultor
690 3565 850 3654 paterne
871 3554 972 3628 cedis
991 3552 1114 3652 fieret,
1142 3578 1239 3632 com.

128 3658 341 3730 citaverunt
366 3658 568 3731 tumultum
596 3656 633 3729 in
659 3656 820 3756 populo,
848 3655 1035 3730 dicentes:
1068 3656 1151 3727 Non
1173 3654 1240 3727 hie

12 3832 13 3835 ,
128 3759 375 3831 dominabitur
391 3761 516 3854 nostri,
539 3758 603 3831 secl
621 3758 741 3851 Crete,
768 3758 861 3846 filius
881 3758 990 3829 Grini.
1027 3755 1120 3845 Quid
1136 3757 1229 3827 enim

127 3859 435 3953 praeteritionem,
468 3860 587 3931 occiso
621 3857 843 3935 Godesealco
874 3857 1070 3930 libertatem
1104 3860 1231 3929 ottem-

131 4021 155 4092 1)
176 4022 307 4077 Ιειειιπεε
327 4051 361 4061 -
380 4022 444 4076 ldae
463 4020 618 4076 Novembris
637 4018 758 4073 indidem
777 4037 803 4075 c.
824 4020 869 4073 50.
931 4017 960 4090 2)
980 4018 1067 4089 Supra
1088 4035 1111 4071 e.
1133 4016 1167 4069 19
1182 4016 1230 4071 lin.

129 4095 155 4164 3)
174 4095 236 4164 lpse
257 4126 290 4135 -
312 4098 406 4151 occisa
424 4098 466 4149 εει
484 4110 515 4148 cx
535 4092 619 4147 schol.
639 4090 685 4147 82.
768 4090 796 4164 4)
815 4090 860 4145 Ρε.
881 4090 926 4155 80,
949 4090 972 4144 1.
1048 4090 1075 4161 5)
1095 4088 1161 4161 Cap.
1182 4088 1228 4145 24.

130 4185 215 4239 usque
235 4170 269 4221 ad
289 4168 384 4222 verba:
412 4170 516 4222 derisus
536 4172 588 4235 εει,
616 4166 781 4234 descriptum
801 4172 844 4219 est
862 4182 894 4218 ex
913 4162 1012 4218 Adami
1032 4165 1050 4219 Ι.
1071 4161 1119 4218 ΙΙΙ.
1139 4180 1164 4217 ε.
1182 4160 1230 4217 50.

130 4258 190 4294 cum
217 4240 304 4297 schol.
330 4238 375 4297 82.
469 4240 494 4311 6)
522 4238 715 4309 Godescateue,
741 4242 783 4293 tui*
807 4241 948 4308 rettptoaua
971 4255 1005 4293 oe
1022 4241 1117 4294 timess
1136 4236 1230 4306 neon,

129 4312 227 4369 Adam.
249 4315 266 4368 l.
286 4312 335 4369 lll.
355 4333 378 4370 c.
401 4312 442 4368 18.
976 4381 996 4422 ᾳ
