3000 4900
299 468 371 542 100
392 432 646 538 nannonnr
667 463 911 538 CHRONICA
929 463 1197 556 snuvonon.
1224 464 1312 539 ne.
1332 463 1359 539 1.

297 691 386 765 ceps
401 666 623 741 Sclavorum
639 663 841 739 humanius
860 690 901 739 se
920 676 1070 765 gereret
1088 692 1179 764 erga
1198 666 1388 739 christico-

296 769 374 864 lasp'
386 769 547 841 accessit
565 769 609 840 ad
630 793 728 864 eum,
746 777 782 840 et
801 767 992 840 innovavit
1010 768 1106 865 apud
1127 793 1214 840 eum
1233 779 1388 865 paterne

296 867 579 968 pollicitationis
611 879 772 966 ceptum.
822 867 1102 965 Impetratoque
1127 867 1305 967 principis
1338 869 1388 940 fa-

296 994 400 1064 vore,
418 969 521 1041 misit
538 969 575 1040 in
595 971 725 1042 urbem
743 967 897 1042 Lubeke
919 968 1153 1042 venerabiles
1173 970 1389 1042 sacerdotes
1494 1023 1495 1060 p

296 1069 499 1141 Ludolfum
523 1080 562 1142 et
576 1068 848 1165 llolewardum⁷
873 1068 936 1166 qui
957 1069 1119 1142 salutem
1137 1069 1265 1167 populi
1286 1094 1390 1142 cura-

250 1262 253 1267 ,
296 1181 391 1244 rent.
427 1169 656 1268 Receptique
675 1179 763 1242 sunt
781 1167 941 1267 benigne
960 1171 1281 1266 mercatoribus,
1301 1194 1389 1267 quo·

297 1297 382 1342 rum
401 1296 476 1343 non
493 1295 649 1368 parvam
667 1269 856 1342 coloniam
871 1269 1035 1342 Heinrici
1048 1270 1226 1368 principis
1241 1270 1334 1344 lides'
1354 1280 1391 1343 et

297 1371 420 1470 pietas
444 1371 579 1444 ibidem
609 1369 853 1444 consciverat.
907 1369 1252 1468 Habitaveruntque
1276 1370 1313 1443 in
1333 1396 1390 1444 ec-

299 1471 415 1545 clesia
433 1472 506 1544 sita
523 1472 561 1543 in
575 1472 684 1569 colle,
704 1496 776 1567 que
796 1481 854 1544 est
872 1495 892 1543 e
909 1471 1065 1569 regione
1083 1471 1186 1543 urbis
1203 1483 1308 1545 trans
1323 1470 1390 1543 llu-

298 1598 396 1646 men.
441 1573 519 1645 Nec
535 1573 693 1670 longum
712 1582 862 1670 tempus
882 1569 1038 1668 effluxit
1063 1583 1100 1645 et
1125 1597 1212 1646 ecce
1231 1571 1389 1670 Rugiani

299 1675 431 1746 urbem
454 1698 614 1747 vacuam
640 1671 797 1745 navibus
823 1672 1069 1770 offendentes,
1098 1672 1277 1770 oppidum
1304 1696 1391 1745 cum

299 1783 423 1846 castro
449 1773 616 1848 demoliti
645 1783 742 1844 sunt.
813 1771 1037 1846 Sacerdotes
1062 1773 1191 1867 incliti,
1223 1773 1390 1846 barbaris

180 1958 184 1963 ,
298 1899 414 1947 unam
449 1875 609 1948 ecclesie
643 1872 1143 1971 ianuam·irrumpentibuS‚
1173 1899 1242 1972 per
1277 1874 1391 1945 aliam

299 1974 437 2074 elapsi,
455 1974 637 2048 beneficio
657 1973 769 2048 vicini
786 1973 951 2047 nemoris
971 1974 1103 2047 salvati
1123 1984 1227 2070 sunt,
1247 1975 1292 2046 ad
1309 1973 1391 2046 Fal·

299 2078 496 2150 derensern
531 2085 684 2173 portum
719 2076 951 2173 refugerunt.
1013 2075 1279 2173 Zwentepolch
1315 2099 1389 2146 non

298 2177 413 2274 longe
438 2187 526 2274 post
549 2177 769 2249 interfectus
799 2186 857 2249 est
886 2176 973 2247 dolo
1006 2176 1200 2248 cuiusdam
1227 2175 1390 2248 Dasonis

297 2276 490 2376 predivitis
505 2278 550 2350 de
563 2275 782 2348 Hottsatia1.
814 2275 1391 2375 Remansithentepolehfilius

299 2377 451 2453 nomine
469 2377 636 2474 Zvinike,
655 2378 720 2451 sed
741 2387 779 2451 et
795 2376 856 2449 hic
874 2377 1093 2451 interfectus
1112 2377 1191 2451 est²
1210 2377 1307 2476 apud
1326 2376 1391 2447 Er·

297 2481 527 2577 theneburg,
563 2482 694 2553 urbem
724 2478 1112 2551 transalbianam-111³.
1171 2477 1391 2575 Defecitque

299 2580 412 2679 stirps
431 2578 595 2653 Heinrici
613 2580 650 2652 in
665 2578 876 2677 principatu
890 2578 1125 2671 Sclavorum,
1144 2578 1303 2651 mortuis
1322 2578 1392 2650 sci-

297 2680 387 2754 licet
399 2680 487 2753 filiis
507 2680 721 2753 etfiliorum
735 2679 834 2751 liliis.
861 2679 1161 2753 Predixerathoc
1179 2679 1279 2753 idem
1293 2679 1392 2778 prin-

300 2805 402 2879 cepe,
427 2780 555 2854 nescio
575 2780 709 2878 quibus
728 2779 892 2879 oraculis
912 2781 1079 2879 edoctus,
1106 2780 1263 2879 stirpem
1282 2804 1392 2854 suam

299 2881 521 2979 quantocius
539 2882 783 2956 defecturum.
1002 2890 1004 2897 ’

324 3010 327 3014 ·
400 2987 460 3059 49.
491 2981 545 3055 De
561 2982 719 3055 Kanate.
771 2983 860 3054 Post
886 2982 957 3055 hec
982 2982 1188 3055 translatus
1216 2988 1274 3055 est
1293 2980 1392 3079 prin·

300 3082 446 3181 cipatus
457 3082 679 3157 Sclavorum
699 3083 744 3155 ad
759 3081 1034 3156 nobilissimum
1047 3082 1255 3181 principem
1268 3082 1393 3154 Kanu-

297 3194 391 3281 tum‚
405 3182 525 3255 filiurn
539 3183 665 3256 Herici
682 3182 785 3281 regis
799 3182 1002 3255 Danorum.
1034 3183 1192 3257 Herious
1212 3182 1312 3257 enim
1326 3206 1393 3281 po·

296 3284 532 3357 tentissimus
551 3309 629 3380 rex,
648 3309 734 3357 cum
754 3308 795 3356 se
814 3284 1026 3358 devovisset
1044 3286 1088 3357 ad
1108 3284 1179 3357 iter
1192 3282 1394 3357 lherosoli-

297 3383 521 3490 mitanumf,
545 3384 652 3458 fratri
676 3409 745 3457 suo
765 3383 920 3458 Nicolao
939 3410 1098 3484 regnum
1118 3410 1203 3458 eum
1221 3383 1300 3457 filio
1319 3384 1393 3456 Ka·

298 3511 323 3581 l)
343 3507 375 3564 ln
394 3514 555 3566 documento
575 3510 697 3565 Heinrici
723 3510 822 3565 Leonis
848 3514 964 3583 quodam
992 3512 1055 3566 dd.
1071 3510 1150 3565 1149.
1177 3510 1252 3582 Sept.
1265 3512 1306 3565 13.
1321 3512 1394 3565 iuter

297 3584 429 3655 primores
442 3582 584 3638 llolsatioe
597 3586 714 3641 occurrit
729 3581 878 3655 Vergotue,
897 3584 968 3639 lilius
981 3584 1096 3638 Duronia
1116 3586 1150 3639 de
1162 3582 1280 3655 Enigge,
1301 3583 1393 3637 Ham-

297 3655 625 3726 turg.U.B.t,n.188.
655 3656 773 3726 tange,
793 3657 874 3712 bodie
894 3657 1002 3721 lnnien‚
1022 3675 1093 3728 perr.
1112 3655 1230 3711 Nortorl.
1293 3658 1321 3727 2)
1341 3657 1394 3710 ln-

297 3730 426 3785 terfectus
443 3732 551 3785 videtur
569 3729 687 3784 Zvvinilre
705 3730 792 3800 (cuius
810 3747 909 3784 nomen
929 3731 1050 3785 fortassis
1069 3741 1110 3785 est
1129 3731 1315 3783 diminutivum
1336 3748 1394 3784 no-

298 3804 377 3856 minis
396 3802 496 3874 Sueoo)
517 3804 587 3857 circa
606 3820 705 3857 annum
727 3802 797 3854 1129
816 3820 831 3855 a
851 3803 949 3857 comite
969 3802 1071 3857 Silvido
1092 3806 1124 3857 de
1143 3800 1326 3871 Erteueburg‚
1347 3804 1393 3855 cui

297 3886 437 3946 propterea
458 3878 556 3931 malum
577 3894 739 3947 cognomen:
759 3892 817 3930 cum
835 3892 883 3931 see
901 3879 992 3931 dotum
1013 3887 1061 3930 est.
1095 3876 1127 3937 V.
1140 3874 1245 3929 Albert.
1260 3874 1334 3929 sno.
1356 3878 1393 3929 ad

297 3966 322 4004 a.
345 3948 416 4001 1144
444 3959 472 4004 et
498 3949 599 4004 Chron.
626 3949 783 4004 Rosenleld.
817 3951 887 4018 apud
916 3948 1000 4020 Vogt,
1040 3950 1161 4004 Menum.
1188 3950 1261 4004 ined.
1287 3948 1307 4013 l,
1326 3946 1391 4005 126.

297 4021 323 4087 3}
343 4019 465 4075 Castrum
486 4022 650 4091 Artlenburg
667 4032 732 4075 tunc
752 4040 805 4075 oon
825 4022 852 4075 in
872 4025 965 4076 dextro
991 4022 1079 4075 littore
1098 4022 1177 4077 Albis
1195 4024 1275 4076 situm
1298 4022 1393 4087 luisse,

296 4094 376 4148 evicit
396 4095 466 4148 llues
491 4097 517 4148 in
538 4095 744 4164 Staatsbiirgerl.
767 4092 949 4166 Magazinlll,
963 4096 1012 4147 179
1033 4114 1081 4165 per
1098 4093 1170 4149 Anu.
1188 4094 1287 4165 llyens.
1309 4094 1392 4148 1205.

295 4165 495 4221 'transalbianis
514 4186 579 4238 ergo
598 4169 649 4223 hoc
669 4168 730 4221 loeo
756 4169 851 4237 proin
877 4169 982 4222 sinistro
1009 4169 1066 4238 ripa
1087 4168 1246 4237 degentibus
1266 4186 1330 4221 usus
1350 4178 1394 4221 est

296 4249 400 4305 noster,
425 4240 493 4294 sieut
512 4240 568 4296 c.8
587 4252 614 4296 et
632 4242 682 4304 56,
709 4259 762 4294 non
790 4250 817 4293 ut
843 4240 931 4304 eet,
958 4242 1003 4294 ubi
1025 4240 1159 4297 Attanum
1179 4242 1316 4315 sequitur,
1342 4258 1393 4313 pro

295 4310 494 4369 Nordelbianis.
569 4312 595 4382 4)
614 4332 650 4370 se.
670 4332 741 4367 anno
763 4314 843 4366 1102.
