3000 4900
250 421 304 490 96
335 415 596 489 'autunum
615 415 855 520 canonica
874 401 1143 491 SLAVORUM.
1170 415 1305 493 utut.

252 626 292 688 et
309 615 494 711 invidens,
513 614 736 691 occasiones
761 627 948 713 quereret,
968 617 1100 713 quibus
1121 641 1208 690 eum
1229 626 1354 694 castro

254 720 487 789 deturbaret..
510 716 685 803 Quadam
700 716 814 812 igitur
832 717 890 789 die
911 717 1041 794 multis
1057 717 1204 792 arbitris
1226 741 1353 796 corum

253 816 409 915 positis,
434 817 681 912 interrogavit
707 816 937 912 Vicelinnm⁷
969 817 1004 889 in
1038 818 1179 892 sobolis
1208 818 1353 916 positus

253 917 341 1014 quid
359 917 541 1014 legisset?
577 917 643 988 lllo
671 917 891 1013 perhibente
911 942 954 992 se
974 918 1082 991 Statii
1100 919 1214 993 libros
1233 917 1355 992 Achil-

253 1017 373 1115 leidos
409 1016 572 1114 legisse,
608 1029 887 1115 consequenter
911 1018 1124 1116 requisivit,
1151 1041 1223 1116 que
1251 1029 1355 1092 esset

254 1117 412 1191 rnateria
431 1117 549 1190 Statii.
593 1119 667 1191 Sed
688 1120 945 1193 cumdiceret
969 1143 1011 1192 se
1039 1120 1203 1213 nescire7
1230 1143 1355 1194 sacer·

255 1222 323 1292 dos
343 1217 500 1290 nimium
523 1219 749 1291 mordaciter
769 1221 814 1290 ad
831 1218 1137 1294 circumstantes:
1169 1220 1282 1316 Heus,
1301 1220 1356 1292 in·

257 1319 348 1416 quit,
371 1343 438 1413 epo
453 1320 614 1390 iuvenem
626 1317 722 1394 bunc
736 1318 780 1391 de
793 1323 927 1392 recenti
939 1319 1064 1395 studio
1078 1323 1272 1394 venientem
1285 1343 1354 1414 pv·

253 1420 382 1492 tabam
407 1418 550 1515 aliquid
573 1439 660 1515 csse,
686 1418 752 1492 scd
777 1421 946 1513 opinione
969 1419 1118 1496 delusus
1143 1445 1235 1497 sum.
1285 1421 1356 1496 Iste

253 1523 347 1593 enim
370 1522 515 1613 penitus
532 1519 669 1592 nullius
681 1523 856 1592 momenti
874 1527 936 1594 est.
973 1521 1047 1596 Sed
1068 1522 1152 1618 qnia
1172 1522 1355 1620 scriptum

257 1631 337 1694 est:
371 1619 484 1693 Verbo
501 1622 721 1714 sapientium
738 1620 886 1716 stimuli,
905 1627 941 1694 et
955 1625 1064 1718 quoni
1082 1623 1177 1696 clavi
1190 1622 1355 1697 inultum

254 1718 400 1815 dcfiffl,
428 1730 533 1794 tante
555 1721 802 1794 cavillationis
828 1726 982 1795 verbnm
1005 1724 1188 1796 modestia
1208 1722 1354 1798 iuvenis

255 1821 436 1894 extimuit.
479 1821 690 1919 Statimque
717 1832 841 1894 castro
868 1847 955 1896 sese
979 1823 1209 1921 proripiens,
1242 1823 1355 1899 ctiam

252 1922 340 1995 sine
360 1921 607 1995 valedictione
635 1922 824 2020 discessit,
851 1925 964 1996 tantis
982 1924 1149 1998 lacrimis
1169 1925 1355 2000 inundans

259 2033 300 2096 et
314 2022 543 2095 verecundie
563 2023 786 2120 punctiones
807 2025 1014 2118 sustinens,
1043 2036 1082 2098 ut
1102 2025 1160 2098 vix
1180 2025 1355 2123 cuiquam

253 2123 470 2220 opinabile²
493 2123 550 2196 sit.
594 2124 726 2196 Audivi
761 2149 846 2196 eum
871 2149 1126 2222 sepenumero
1155 2125 1357 2220 dicentem,

255 2223 343 2322 quia
364 2226 410 2296 ad
429 2227 585 2296 verbum
603 2223 702 2296 illins
720 2225 930 2298 sacerdotis
951 2227 1161 2322 respexerit
1178 2250 1265 2298 eum
1291 2226 1358 2303 mi-

255 2324 461 2397 sericordia
481 2323 615 2396 divina.
647 2325 744 2399 Abiit
763 2349 854 2424 ergo
875 2327 1171 2425 Patlierburnem
1189 2327 1250 2401 ubi
1270 2337 1358 2400 tunc

256 2426 352 2498 forte
381 2423 501 2498 studia
522 2425 730 2499 litterarum
749 2423 934 2500 florebant
954 2431 1022 2501 snb
1042 2427 1154 2501 nobili
1176 2427 1356 2526 magistro

256 2528 490 2599 Hartmanno
505 2525 530 2598 ³.
578 2526 693 2601 Cuius
732 2527 845 2599 etiam
879 2552 1012 2602 mensa
1045 2539 1082 2601 et
1114 2528 1357 2602 contubernio

258 2622 497 2724 iisus7'qua1n
519 2627 686 2723 pluribus
705 2627 813 2701 annis
834 2640 936 2701 tanto
956 2629 1124 2723 fervore,v
1137 2640 1240 2703 tanta
1257 2629 1358 2701 deni-

256 2752 333 2826 que
358 2726 537 2826 instantia
563 2728 716 2825 studuit⁷
745 2736 784 2800 ut
805 2753 879 2800 non
898 2729 1008 2802 facile
1029 2730 1205 2828 explicari
1225 2730 1358 2827 possit.

257 2832 400 2903 Crebro
420 2828 520 2900 enim
640 2841 642 2844 ’

309 2931 356 3001 ad
375 2931 563 3024 quandam
584 2928 698 3001 veluti
716 2930 908 3003 desudans
929 2941 1056 3005 mente
1077 2931 1296 3029 palestram,
1352 2928 1354 2936 '

360 3030 501 3102 artibus
523 3029 728 3102 edomitum
747 3030 907 3112 subdidit
926 3030 1131 3128 ingenium.

310 3129 391 3201 Non
409 3130 511 3201 huno
528 3129 616 3225 tuti,
635 3154 709 3201 non
730 3131 840 3228 epule

258 3240 370 3327 cepto
403 3230 594 3327 proposito
626 3233 880 3325 detraxerant,
918 3230 1007 3329 quin
1034 3242 1098 3303 aut
1124 3232 1270 3329 legeret
1297 3244 1360 3303 aut

256 3330 418 3403 dictaret
436 3330 497 3401 vel
516 3341 618 3403 certe
638 3330 830 3405 scriberet.
859 3332 943 3406 Cori
959 3343 1133 3430 preterea
1152 3332 1358 3428 diligentis·

242 3430 380 3503 ..simus
401 3442 551 3504 curator
570 3431 702 3525 extitit,

311 3531 409 3603 inter
426 3532 609 3628 primitias
629 3531 813 3604 adolentis
833 3532 1026 3629 religionis

258 3677 262 3683 ·
285 3709 286 3712 ,
362 3631 555 3704 deservire
574 3634 667 3728 Deo,
687 3656 804 3705 suave
824 3633 1004 3731 piumque
1024 3643 1172 3731 putans.

260 3730 398 3805 Videns
426 3731 539 3829 igitur
566 3732 744 3830 egregius
774 3733 969 3831 magister,
997 3734 1220 3832 discipulum
1248 3744 1360 3831 atque

257 3833 596 3907 contubernionem
620 3858 731 3907 snum
757 3858 871 3932 supra
898 3834 998 3907 vires
1018 3836 1203 3931 laborare,
1231 3834 1360 3932 sepius

262 3932 376 4005 ailad
403 3958 509 4005 eum:

262 4068 287 4136 1)
307 4066 464 4123 Ecclesiast.
484 4087 544 4140 cap.
566 4069 609 4121 12.
628 4087 653 4121 v.
675 4069 718 4125 ll.
802 4071 828 4139 2)
845 4071 863 4127 i.
883 4089 909 4125 e.
926 4070 1070 4133 credibllc;
1091 4070 1162 4129 conl.
1182 4067 1239 4143 c'ap.
1260 4068 1296 4130 52,
1314 4070 1361 4125 tin.

255 4142 288 4211 2)
308 4140 493 4196 Hartmonnus
519 4152 676 4197 recensetur
700 4144 771 4197 inter
797 4144 940 4198 canonicos
966 4144 1085 4199 iuniores
1104 4142 1362 4199 paderbrunnenses

256 4215 289 4267 in
310 4215 401 4267 oborta
427 4214 561 4277 Heinrtci,
586 4216 706 4288 episcopi
734 4214 984 4271 paderbrunnensis
1010 4218 1071 4271 data
1098 4234 1123 4275 a.
1147 4216 1227 4273 1123.
1249 4216 1306 4271 lun.
1329 4213 1363 4269 18

257 4290 332 4357 apud
354 4286 458 4341 Erbard
480 4288 592 4358 {legesis
613 4289 674 4343 bist.
696 4288 845 4359 Weotpbal.
866 4288 899 4344 Τ.
921 4289 940 4343 l.
960 4308 987 4361 p.
1009 4290 1069 4347 150.
