3000 4900
293 446 369 518 roo
420 442 664 516 uuuuoum
682 443 925 518 cononica
943 441 1213 519 servorun.
1241 440 1328 514 urs.
1341 441 1367 513 1.

292 642 511 717 Saxoniam.
552 642 695 715 Deinde
721 642 947 716 transmissa
966 641 1070 715 Albia
1091 642 1250 715 venitin
1268 640 1395 737 Wagi-

292 766 394 841 rom,
424 744 669 841 ingressurus
695 743 864 817 laborem
900 743 957 816 cui
977 742 1226 840 ‘mancipatus
1259 742 1393 814 fuerat.

242 878 247 885 ·
291 844 464 943 Denique
482 844 682 941 ingressus
701 844 975 943 episcopatum,
1000 866 1074 915 non
1095 843 1236 915 invenit
1254 842 1396 940 stipen·
1495 876 1496 921 i

290 944 365 1041 diu,
393 944 527 1042 quibus
552 945 813 1017 veludunum
834 966 1006 1016 mensem
1028 943 1231 1016 sustentari
1249 953 1394 1041 posset,

289 1044 478 1142 siquidem
497 1044 735 1118 Falderensis
754 1048 890 1119 domus
904 1054 990 1142 post
1009 1054 1170 1117 mortem
1190 1048 1300 1118 beate
1315 1066 1394 1115 me·
1495 1038 1496 1073 l

291 1147 411 1225 morie
435 1144 591 1217 Vicelini
621 1144 809 1244 episcopi7
841 1146 1039 1217 commodo
1073 1144 1185 1217 simul
1217 1154 1255 1217 et
1279 1143 1394 1242 quieti

290 1245 509 1341 consulens,
537 1246 583 1316 ad
608 1247 1044 1343 Hammemburgensem
1073 1243 1276 1318 ecclesiam
1305 1267 1394 1317 sese
1495 1238 1496 1297 l

285 1346 546 1418 transtulerat.
572 1348 620 1419 At
633 1347 812 1420 liudolfus
832 1346 1047 1445 prepositus
1069 1357 1106 1419 et
1120 1346 1255 1419 fratres
1269 1346 1395 1441 Hoge·

291 1456 439 1543 restorp
467 1446 559 1519 satis
585 1447 654 1520 sibi
680 1470 769 1521 esse
788 1447 1013 1543 iudicabant,
1039 1457 1078 1518 ut
1098 1446 1319 1544 episcopum
1339 1444 1394 1516 in·
1495 1462 1496 1523 t

288 1548 528 1642 gredientem
564 1558 602 1619 et
632 1548 891 1645 egredientem
929 1546 1093 1645 hospitio
1130 1542 1390 1643 colligerent1.

288 1647 379 1720 Sola
399 1650 533 1719 domus
548 1647 671 1720 Bozoe
691 1648 885 1745 stipendiis
906 1647 1185 1746 episcopalibus
1202 1645 1395 1721 deservie-
1495 1640 1496 1727 ζ

290 1750 366 1844 bot,
379 1772 496 1820 vacua
511 1749 713 1821 admodum
731 1759 769 1821 et
782 1748 932 1821 inculta.
959 1748 1123 1822 Visitans
1140 1772 1230 1845 ergo
1247 1746 1394 1845 episoo·
1495 1732 1496 1819 l

289 1872 361 1945 pus
382 1860 420 1921 et
439 1849 634 1947 alloquens
653 1850 750 1923 lilios
771 1850 932 1923 ecclesie
947 1874 1028 1947 sueq
1047 1868 1249 1946 regressus
1269 1858 1328 1921 est
1345 1850 1393 1919 ad
1495 1852 1496 1887 ¹

288 1948 435 2023 Alliam
450 1949 642 2023 locuturus
658 1950 944 2048 archiepiscopo
956 1974 1075 2048 penes
1087 1950 1241 2023 Studen.
1267 1948 1392 2036 Quem

289 2074 376 2123 cum
395 2050 704 2148 archiepiscopus
730 2056 776 2124 ob
800 2051 939 2124 fastum
960 2050 1131 2123 elationis
1152 2047 1288 2123 diutius
1307 2072 1393 2147 pro·

288 2152 469 2247 traheret,
489 2162 669 2249 essetque
684 2150 844 2225 difficilis
864 2151 1059 2248 admissio,
1078 2150 1167 2223 dixit
1186 2150 1390 2247 episcopus

289 2262 419 2325 noster
438 2255 482 2323 ud
503 2255 676 2325 abbatem
697 2256 742 2325 de
759 2252 1084 2349 Reddegeshusen
1105 2262 1142 2323 et
1161 2262 1311 2323 ceteros
1330 2250 1392 2336 qui
1495 2246 1496 2253 ’

289 2376 420 2425 secum
432 2364 631 2426 venerant:
660 2352 756 2442 Ouid
767 2353 825 2425 tte
839 2351 1050 2449 residemus,
1063 2352 1225 2439 fratres?
1250 2340 1391 2422 Eamus

286 2454 407 2526 uidere
419 2457 555 2542 faciem
565 2454 733 2527 hominis.
766 2457 812 2528 Et
825 2455 875 2526 nil
891 2454 1096 2551 trepidans7
1115 2444 1314 2550 ingressus
1330 2462 1390 2524 est

286 2559 333 2628 ad
353 2555 561 2654 principem
582 2553 802 2654 accepitque
822 2556 994 2628 osculum
1014 2555 1095 2628 sine
1116 2558 1230 2626 verbo
1251 2553 1391 2626 saluta-

286 2659 410 2732 tionis.
449 2659 502 2730 Ad
527 2681 640 2754 quem
670 2668 800 2759 noster
825 2656 1047 2753 episcopus:
1098 2653 1197 2749 Mihi,
1225 2654 1287 2750 ait,
1313 2675 1388 2725 non

286 2762 502 2860 loquimini?
551 2759 647 2850 Ouid
669 2761 830 2854 peccavi,
856 2764 898 2829 ut
925 2780 998 2828 non
1029 2777 1172 2827 merear
1201 2753 1387 2826 salutari.²

183 2947 187 2950 ‚
285 2865 433 2960 Demus,
447 2867 480 2936 si
487 2862 623 2959 placet
642 2861 813 2954 arbitros2
828 2860 890 2955 qui
902 2855 1063 2928 iudicent
1075 2859 1166 2928 inter
1178 2879 1256 2927 nos.
1291 2853 1385 2950 Veni,

286 2976 329 3041 ut
351 2970 462 3062 scitis,
488 2961 732 3057 Marcipolim,
748 2957 934 3054 postulavi
958 2955 1237 3029 benedictionem
1256 2962 1292 3026 et
1306 2979 1386 3027 ren-

285 3071 428 3141 nuistis.
460 3065 678 3137 Necessitate
693 3065 805 3156 ipitur
820 3058 1029 3152 compulsus
1046 3057 1121 3128 adii
1138 3056 1306 3151 Romam,
1319 3058 1385 3127 im-

280 3174 495 3264 petraturus
514 3165 560 3236 ab
580 3161 785 3257 apostoliea
810 3159 894 3232 sede
912 3181 979 3254 que
997 3157 1083 3228 milri
1101 3162 1233 3250 nepeta
1258 3162 1346 3228 sunt
1361 3180 1387 3228 a

285 3270 398 3345 vodis.
443 3268 579 3339 Iustior
597 3287 682 3358 erqo
701 3261 788 3334 mihi
806 3267 861 3332 est
875 3257 1058 3331 irascendi
1081 3260 1191 3351 ratio7
1218 3260 1280 3353 qui
1298 3256 1387 3328 milri

286 3392 481 3443 onerosam
505 3368 641 3440 itineris
666 3364 774 3436 huius
792 3361 1037 3434 necessitatem
1055 3359 1288 3450 imposuistis.
1330 3359 1385 3429 Ad

285 3495 404 3570 quem·
425 3467 752 3566 archiepiscopus:
800 3462 885 3556 (lue,
908 3459 1038 3557 inquit7
1063 3465 1143 3530 tam
1169 3457 1386 3530 ineuitabilis

169 3651 176 3659 ,
283 3595 402 3644 eausa
415 3593 481 3642 eos
491 3567 658 3663 propulit
669 3566 838 3657 Romam,
855 3559 907 3633 ad
919 3557 1386 3633 subeundumaietaborem

283 3679 319 3745 et
334 3693 511 3768 eapensas
528 3665 758 3760 sumptuum?
788 3661 843 3735 An
861 3663 948 3759 quia
966 3663 1003 3732 in
1021 3662 1167 3756 reqione
1184 3658 1385 3755 lonqinqua

278 3777 441 3869 positus,
469 3770 756 3865 postulationem
796 3770 956 3836 uestram
989 3757 1040 3832 ad
1072 3762 1207 3846 faciem
1239 3758 1385 3831 ecclesie

282 3882 407 3946 nostre
423 3871 560 3954 distuli.
591 3866 809 3961 Distulistis,
822 3864 871 3936 ait
890 3871 1021 3934 noster
1041 3861 1256 3960 episcopm,
1276 3858 1385 3932 ueluti

281 3978 534 4064 infirmaturus
562 3992 715 4043 causam
745 3971 913 4040 nostrum
919 4020 936 4059 ,.
958 3961 1027 4034 noc
1052 3963 1146 4033 enim
1151 4017 1162 4056 ,
1190 3966 1234 4032 ut
1257 3983 1384 4032 aerum

168 4112 170 4115 ·
280 4079 482 4170 fateamur,
496 4072 614 4146 uerbis
632 4071 796 4164 apertius
809 4070 1027 4160 prosecutus
1045 4065 1139 4150 estis.
1171 4059 1247 4133 Sed
1259 4061 1383 4156 pluria

279 4175 371 4272 Deo,
389 4179 451 4272 qui
463 4175 621 4269 perfecit
635 4195 703 4246 nos
720 4171 758 4241 in
775 4166 979 4239 ministerio
995 4186 1076 4258 suo,
1095 4161 1285 4236 laboriosa
1304 4165 1383 4258 qui-

282 4292 307 4364 1)
329 4292 407 4350 Coul.
428 4312 486 4366 cup.
507 4292 551 4347 18.
572 4311 632 4364 pag.
652 4289 689 4342 44
708 4296 764 4342 not.
788 4286 812 4338 1.
