<?xml version="1.0" encoding="UTF-8"?>
<!DOCTYPE html PUBLIC "-//W3C//DTD XHTML 1.0 Transitional//EN"
    "http://www.w3.org/TR/xhtml1/DTD/xhtml1-transitional.dtd">
<html xmlns="http://www.w3.org/1999/xhtml" xml:lang="en" lang="en">
 <head>
  <title>
</title>
<meta http-equiv="Content-Type" content="text/html;charset=utf-8" />
  <meta name='ocr-system' content='tesseract 3.04.00' />
  <meta name='ocr-capabilities' content='ocr_page ocr_carea ocr_par ocr_line ocrx_word'/>
</head>
<body>
  <div class='ocr_page' id='page_1' title='image "./helmoldipresbyt00pertgoog_0085.png"; bbox 0 0 3000 4900; ppageno 0'>
   <div class='ocr_carea' id='block_1_1' title="bbox 26 212 45 307">
    <p class='ocr_par' dir='ltr' id='par_1_1' title="bbox 26 212 45 307">
     <span class='ocr_line' id='line_1_1' title="bbox 26 212 45 307; baseline 0 0"><span class='ocrx_word' id='word_1_1' title='bbox 26 212 45 307; x_wconf 69' lang='lat' dir='ltr'>‘t</span> 
     </span>
    </p>
   </div>
   <div class='ocr_carea' id='block_1_2' title="bbox 54 456 1221 546">
    <p class='ocr_par' dir='ltr' id='par_1_2' title="bbox 54 456 1221 546">
     <span class='ocr_line' id='line_1_2' title="bbox 54 456 1221 546; baseline -0.002 -14"><span class='ocrx_word' id='word_1_2' title='bbox 54 494 59 511; x_wconf 87' lang='lat'><strong>·</strong></span> <span class='ocrx_word' id='word_1_3' title='bbox 112 541 115 546; x_wconf 50' lang='grc'><strong>,</strong></span> <span class='ocrx_word' id='word_1_4' title='bbox 175 456 965 534; x_wconf 68' lang='grc' dir='ltr'>1111110101οΗκοΝιοΑειΑνοκυΜ.</span> <span class='ocrx_word' id='word_1_5' title='bbox 991 458 1077 534; x_wconf 87' lang='lat' dir='ltr'>LlB.</span> <span class='ocrx_word' id='word_1_6' title='bbox 1097 459 1120 532; x_wconf 94' lang='lat' dir='ltr'>l.</span> <span class='ocrx_word' id='word_1_7' title='bbox 1174 461 1221 530; x_wconf 81' lang='lat'>77</span> 
     </span>
    </p>
   </div>
   <div class='ocr_carea' id='block_1_3' title="bbox 59 628 1223 856">
    <p class='ocr_par' dir='ltr' id='par_1_3' title="bbox 59 628 1223 856">
     <span class='ocr_line' id='line_1_3' title="bbox 59 628 1221 757; baseline 0.002 -27"><span class='ocrx_word' id='word_1_8' title='bbox 59 628 66 669; x_wconf 43' lang='lat' dir='ltr'>l</span> <span class='ocrx_word' id='word_1_9' title='bbox 125 681 190 732; x_wconf 90' lang='lat' dir='ltr'>cus</span> <span class='ocrx_word' id='word_1_10' title='bbox 205 659 329 734; x_wconf 91' lang='lat' dir='ltr'>socios</span> <span class='ocrx_word' id='word_1_11' title='bbox 344 660 380 732; x_wconf 90' lang='lat' dir='ltr'>in</span> <span class='ocrx_word' id='word_1_12' title='bbox 395 659 572 755; x_wconf 78' lang='lat' dir='ltr'>latibulis,</span> <span class='ocrx_word' id='word_1_13' title='bbox 583 659 827 757; x_wconf 81' lang='lat' dir='ltr'>precepitque</span> <span class='ocrx_word' id='word_1_14' title='bbox 840 657 894 730; x_wconf 91' lang='lat' dir='ltr'>eis</span> <span class='ocrx_word' id='word_1_15' title='bbox 906 659 942 730; x_wconf 90' lang='lat' dir='ltr'>in</span> <span class='ocrx_word' id='word_1_16' title='bbox 956 658 1105 733; x_wconf 88' lang='lat' dir='ltr'>silentio</span> <span class='ocrx_word' id='word_1_17' title='bbox 1119 683 1221 757; x_wconf 80' lang='lat' dir='ltr'>esse⁷</span> 
     </span>
     <span class='ocr_line' id='line_1_4' title="bbox 75 759 1223 856; baseline 0.002 -26"><span class='ocrx_word' id='word_1_18' title='bbox 75 836 76 839; x_wconf 48' lang='lat'>,</span> <span class='ocrx_word' id='word_1_19' title='bbox 127 760 285 832; x_wconf 81' lang='lat' dir='ltr'>neforto</span> <span class='ocrx_word' id='word_1_20' title='bbox 304 761 436 836; x_wconf 88' lang='lat' dir='ltr'>hostes</span> <span class='ocrx_word' id='word_1_21' title='bbox 455 762 626 834; x_wconf 80' lang='lat' dir='ltr'>audirent</span> <span class='ocrx_word' id='word_1_22' title='bbox 644 783 778 832; x_wconf 88' lang='lat' dir='ltr'>vocem</span> <span class='ocrx_word' id='word_1_23' title='bbox 797 759 1041 833; x_wconf 80' lang='lat' dir='ltr'>multitudinis</span> <span class='ocrx_word' id='word_1_24' title='bbox 1053 770 1117 833; x_wconf 88' lang='lat' dir='ltr'>aut</span> <span class='ocrx_word' id='word_1_25' title='bbox 1129 761 1223 856; x_wconf 91' lang='lat' dir='ltr'>hyn-</span> 
     </span>
    </p>
   </div>
   <div class='ocr_carea' id='block_1_4' title="bbox 113 859 1225 3184">
    <p class='ocr_par' dir='ltr' id='par_1_4' title="bbox 113 859 1225 3184">
     <span class='ocr_line' id='line_1_5' title="bbox 126 859 1222 960; baseline 0.002 -30"><span class='ocrx_word' id='word_1_26' title='bbox 126 860 241 933; x_wconf 88' lang='lat' dir='ltr'>nitum</span> <span class='ocrx_word' id='word_1_27' title='bbox 270 860 368 960; x_wconf 86' lang='lat' dir='ltr'>equi.</span> <span class='ocrx_word' id='word_1_28' title='bbox 409 861 650 960; x_wconf 84' lang='lat' dir='ltr'>Avulsusque</span> <span class='ocrx_word' id='word_1_29' title='bbox 669 885 689 933; x_wconf 85' lang='lat' dir='ltr'>a</span> <span class='ocrx_word' id='word_1_30' title='bbox 710 859 836 957; x_wconf 68' lang='lat' dir='ltr'>sociis,</span> <span class='ocrx_word' id='word_1_31' title='bbox 862 884 935 931; x_wconf 91' lang='lat' dir='ltr'>uno</span> <span class='ocrx_word' id='word_1_32' title='bbox 960 870 1106 933; x_wconf 85' lang='lat' dir='ltr'>tantum</span> <span class='ocrx_word' id='word_1_33' title='bbox 1136 885 1222 934; x_wconf 91' lang='lat' dir='ltr'>con-</span> 
     </span>
     <span class='ocr_line' id='line_1_6' title="bbox 125 960 1222 1060; baseline 0.003 -28"><span class='ocrx_word' id='word_1_34' title='bbox 125 971 248 1034; x_wconf 92' lang='lat' dir='ltr'>tentus</span> <span class='ocrx_word' id='word_1_35' title='bbox 268 987 393 1058; x_wconf 79' lang='lat' dir='ltr'>servo,</span> <span class='ocrx_word' id='word_1_36' title='bbox 420 963 522 1035; x_wconf 90' lang='lat' dir='ltr'>venit</span> <span class='ocrx_word' id='word_1_37' title='bbox 541 965 586 1036; x_wconf 87' lang='lat' dir='ltr'>ad</span> <span class='ocrx_word' id='word_1_38' title='bbox 605 963 729 1035; x_wconf 92' lang='lat' dir='ltr'>locum</span> <span class='ocrx_word' id='word_1_39' title='bbox 749 985 862 1060; x_wconf 91' lang='lat' dir='ltr'>quem</span> <span class='ocrx_word' id='word_1_40' title='bbox 883 960 1097 1060; x_wconf 70' lang='lat' dir='ltr'>prefixerut,</span> <span class='ocrx_word' id='word_1_41' title='bbox 1125 966 1222 1035; x_wconf 85' lang='lat' dir='ltr'>unde</span> 
     </span>
     <span class='ocr_line' id='line_1_7' title="bbox 126 1061 1222 1161; baseline 0.005 -29"><span class='ocrx_word' id='word_1_42' title='bbox 126 1061 239 1156; x_wconf 73' lang='lat' dir='ltr'>videri</span> <span class='ocrx_word' id='word_1_43' title='bbox 257 1065 390 1161; x_wconf 74' lang='lat' dir='ltr'>pos&#39;set</span> <span class='ocrx_word' id='word_1_44' title='bbox 407 1067 454 1137; x_wconf 84' lang='lat' dir='ltr'>ab</span> <span class='ocrx_word' id='word_1_45' title='bbox 472 1067 574 1137; x_wconf 88' lang='lat' dir='ltr'>urbe.</span> <span class='ocrx_word' id='word_1_46' title='bbox 611 1063 725 1138; x_wconf 88' lang='lat' dir='ltr'>Cuius</span> <span class='ocrx_word' id='word_1_47' title='bbox 755 1062 889 1135; x_wconf 83' lang='lat' dir='ltr'>faciem</span> <span class='ocrx_word' id='word_1_48' title='bbox 909 1063 1100 1161; x_wconf 82' lang='lat' dir='ltr'>prefectus</span> <span class='ocrx_word' id='word_1_49' title='bbox 1120 1062 1222 1137; x_wconf 91' lang='lat' dir='ltr'>urbis</span> 
     </span>
     <span class='ocr_line' id='line_1_8' title="bbox 124 1163 1222 1262; baseline 0.001 -28"><span class='ocrx_word' id='word_1_50' title='bbox 124 1163 257 1236; x_wconf 86' lang='lat' dir='ltr'>callide</span> <span class='ocrx_word' id='word_1_51' title='bbox 288 1168 514 1260; x_wconf 78' lang='lat' dir='ltr'>observans,</span> <span class='ocrx_word' id='word_1_52' title='bbox 549 1163 714 1237; x_wconf 86' lang='lat' dir='ltr'>ostendit</span> <span class='ocrx_word' id='word_1_53' title='bbox 747 1187 835 1236; x_wconf 89' lang='lat' dir='ltr'>eum</span> <span class='ocrx_word' id='word_1_54' title='bbox 871 1163 1025 1262; x_wconf 64' lang='lat' dir='ltr'>amicis,</span> <span class='ocrx_word' id='word_1_55' title='bbox 1062 1188 1222 1262; x_wconf 91' lang='lat' dir='ltr'>quorum</span> 
     </span>
     <span class='ocr_line' id='line_1_9' title="bbox 124 1261 1222 1362; baseline 0.004 -29"><span class='ocrx_word' id='word_1_56' title='bbox 124 1265 236 1336; x_wconf 79' lang='lat' dir='ltr'>animi</span> <span class='ocrx_word' id='word_1_57' title='bbox 265 1266 495 1338; x_wconf 81' lang='lat' dir='ltr'>consternati</span> <span class='ocrx_word' id='word_1_58' title='bbox 528 1275 644 1338; x_wconf 85' lang='lat' dir='ltr'>erant.</span> <span class='ocrx_word' id='word_1_59' title='bbox 688 1265 783 1338; x_wconf 84' lang='lat' dir='ltr'>Nam</span> <span class='ocrx_word' id='word_1_60' title='bbox 816 1261 915 1336; x_wconf 72' lang='lat' dir='ltr'>loma</span> <span class='ocrx_word' id='word_1_61' title='bbox 943 1265 1149 1362; x_wconf 80' lang='lat' dir='ltr'>pertulerat</span> <span class='ocrx_word' id='word_1_62' title='bbox 1176 1267 1222 1338; x_wconf 88' lang='lat' dir='ltr'>ad</span> 
     </span>
     <span class='ocr_line' id='line_1_10' title="bbox 124 1365 1221 1464; baseline 0.002 -28"><span class='ocrx_word' id='word_1_63' title='bbox 124 1384 203 1460; x_wconf 66' lang='lat' dir='ltr'>eos,⁵</span> <span class='ocrx_word' id='word_1_64' title='bbox 222 1368 323 1463; x_wconf 94' lang='lat' dir='ltr'>quod</span> <span class='ocrx_word' id='word_1_65' title='bbox 343 1365 539 1439; x_wconf 84' lang='lat' dir='ltr'>Heinrious</span> <span class='ocrx_word' id='word_1_66' title='bbox 559 1376 670 1440; x_wconf 85' lang='lat' dir='ltr'>nocte</span> <span class='ocrx_word' id='word_1_67' title='bbox 693 1390 766 1464; x_wconf 82' lang='lat' dir='ltr'>qua</span> <span class='ocrx_word' id='word_1_68' title='bbox 790 1389 970 1462; x_wconf 80' lang='lat' dir='ltr'>egressus</span> <span class='ocrx_word' id='word_1_69' title='bbox 995 1376 1067 1463; x_wconf 72' lang='lat' dir='ltr'>est,</span> <span class='ocrx_word' id='word_1_70' title='bbox 1089 1376 1221 1463; x_wconf 86' lang='lat' dir='ltr'>captus</span> 
     </span>
     <span class='ocr_line' id='line_1_11' title="bbox 127 1466 1221 1564; baseline 0.004 -28"><span class='ocrx_word' id='word_1_71' title='bbox 127 1471 302 1540; x_wconf 87' lang='lat' dir='ltr'>essetab</span> <span class='ocrx_word' id='word_1_72' title='bbox 331 1467 514 1541; x_wconf 84' lang='lat' dir='ltr'>hostibus.</span> <span class='ocrx_word' id='word_1_73' title='bbox 563 1466 850 1564; x_wconf 81' lang='lat' dir='ltr'>Contemplatus</span> <span class='ocrx_word' id='word_1_74' title='bbox 885 1466 997 1563; x_wconf 88' lang='lat' dir='ltr'>igitur</span> <span class='ocrx_word' id='word_1_75' title='bbox 1023 1466 1221 1540; x_wconf 88' lang='lat' dir='ltr'>Heinrious</span> 
     </span>
     <span class='ocr_line' id='line_1_12' title="bbox 124 1566 1222 1664; baseline 0.004 -27"><span class='ocrx_word' id='word_1_76' title='bbox 124 1591 279 1639; x_wconf 91' lang='lat' dir='ltr'>suorum</span> <span class='ocrx_word' id='word_1_77' title='bbox 299 1568 506 1664; x_wconf 89' lang='lat' dir='ltr'>periculum</span> <span class='ocrx_word' id='word_1_78' title='bbox 531 1579 570 1640; x_wconf 91' lang='lat' dir='ltr'>et</span> <span class='ocrx_word' id='word_1_79' title='bbox 589 1566 792 1642; x_wconf 86' lang='lat' dir='ltr'>obsidionis</span> <span class='ocrx_word' id='word_1_80' title='bbox 817 1568 1018 1662; x_wconf 65' lang='lat' dir='ltr'>fervorem,</span> <span class='ocrx_word' id='word_1_81' title='bbox 1044 1591 1222 1641; x_wconf 89' lang='lat' dir='ltr'>reversus</span> 
     </span>
     <span class='ocr_line' id='line_1_13' title="bbox 124 1669 1224 1767; baseline 0.002 -28"><span class='ocrx_word' id='word_1_82' title='bbox 124 1677 182 1740; x_wconf 90' lang='lat' dir='ltr'>est</span> <span class='ocrx_word' id='word_1_83' title='bbox 208 1671 255 1740; x_wconf 80' lang='lat' dir='ltr'>ad</span> <span class='ocrx_word' id='word_1_84' title='bbox 285 1669 431 1766; x_wconf 71' lang='lat' dir='ltr'>socios,</span> <span class='ocrx_word' id='word_1_85' title='bbox 456 1669 768 1767; x_wconf 85' lang='lat' dir='ltr'>dissimulatoque</span> <span class='ocrx_word' id='word_1_86' title='bbox 794 1669 947 1765; x_wconf 70' lang='lat' dir='ltr'>itinere,</span> <span class='ocrx_word' id='word_1_87' title='bbox 978 1669 1224 1742; x_wconf 83' lang='lat' dir='ltr'>circumduxit</span> 
     </span>
     <span class='ocr_line' id='line_1_14' title="bbox 123 1768 1223 1869; baseline 0.003 -29"><span class='ocrx_word' id='word_1_88' title='bbox 123 1768 330 1843; x_wconf 85' lang='lat' dir='ltr'>exercitum</span> <span class='ocrx_word' id='word_1_89' title='bbox 345 1794 413 1869; x_wconf 92' lang='lat' dir='ltr'>per</span> <span class='ocrx_word' id='word_1_90' title='bbox 426 1772 526 1844; x_wconf 88' lang='lat' dir='ltr'>viam</span> <span class='ocrx_word' id='word_1_91' title='bbox 549 1772 800 1868; x_wconf 78' lang='lat' dir='ltr'>mensusque</span> <span class='ocrx_word' id='word_1_92' title='bbox 821 1773 865 1843; x_wconf 83' lang='lat' dir='ltr'>ad</span> <span class='ocrx_word' id='word_1_93' title='bbox 884 1771 1021 1843; x_wconf 86' lang='lat' dir='ltr'>ostium</span> <span class='ocrx_word' id='word_1_94' title='bbox 1038 1771 1223 1866; x_wconf 59' lang='lat' dir='ltr'>&#39;lrerbene7</span> 
     </span>
     <span class='ocr_line' id='line_1_15' title="bbox 125 1869 1222 1971; baseline 0.003 -30"><span class='ocrx_word' id='word_1_95' title='bbox 125 1869 394 1970; x_wconf 77' lang='lat' dir='ltr'>descenditque</span> <span class='ocrx_word' id='word_1_96' title='bbox 420 1897 490 1971; x_wconf 89' lang='lat' dir='ltr'>per</span> <span class='ocrx_word' id='word_1_97' title='bbox 506 1872 631 1969; x_wconf 74' lang='lat' dir='ltr'>vium,</span> <span class='ocrx_word' id='word_1_98' title='bbox 662 1896 735 1969; x_wconf 85' lang='lat' dir='ltr'>qua</span> <span class='ocrx_word' id='word_1_99' title='bbox 755 1872 976 1945; x_wconf 85' lang='lat' dir='ltr'>Sclavorum</span> <span class='ocrx_word' id='word_1_100' title='bbox 996 1871 1141 1967; x_wconf 85' lang='lat' dir='ltr'>equites</span> <span class='ocrx_word' id='word_1_101' title='bbox 1160 1874 1222 1944; x_wconf 87' lang='lat' dir='ltr'>de-</span> 
     </span>
     <span class='ocr_line' id='line_1_16' title="bbox 126 1971 1224 2070; baseline 0 -27"><span class='ocrx_word' id='word_1_102' title='bbox 126 1972 311 2070; x_wconf 87' lang='lat' dir='ltr'>scendere</span> <span class='ocrx_word' id='word_1_103' title='bbox 328 1975 524 2047; x_wconf 84' lang='lat' dir='ltr'>debebant.</span> <span class='ocrx_word' id='word_1_104' title='bbox 549 1974 616 2047; x_wconf 94' lang='lat' dir='ltr'>Ubi</span> <span class='ocrx_word' id='word_1_105' title='bbox 636 1972 749 2069; x_wconf 81' lang='lat' dir='ltr'>igitur</span> <span class='ocrx_word' id='word_1_106' title='bbox 764 1972 857 2044; x_wconf 83' lang='lat' dir='ltr'>Rani</span> <span class='ocrx_word' id='word_1_107' title='bbox 871 1972 1044 2045; x_wconf 85' lang='lat' dir='ltr'>viderunt</span> <span class='ocrx_word' id='word_1_108' title='bbox 1058 1971 1224 2044; x_wconf 85' lang='lat' dir='ltr'>multitu-</span> 
     </span>
     <span class='ocr_line' id='line_1_17' title="bbox 125 2071 1222 2171; baseline 0.003 -29"><span class='ocrx_word' id='word_1_109' title='bbox 125 2071 250 2145; x_wconf 90' lang='lat' dir='ltr'>dinem</span> <span class='ocrx_word' id='word_1_110' title='bbox 275 2097 343 2171; x_wconf 89' lang='lat' dir='ltr'>pcr</span> <span class='ocrx_word' id='word_1_111' title='bbox 367 2074 438 2148; x_wconf 93' lang='lat' dir='ltr'>iter</span> <span class='ocrx_word' id='word_1_112' title='bbox 460 2073 576 2147; x_wconf 83' lang='lat' dir='ltr'>maris</span> <span class='ocrx_word' id='word_1_113' title='bbox 600 2076 912 2168; x_wconf 68' lang='lat' dir='ltr'>descendentem,</span> <span class='ocrx_word' id='word_1_114' title='bbox 934 2076 1114 2169; x_wconf 83' lang='lat' dir='ltr'>putabunt</span> <span class='ocrx_word' id='word_1_115' title='bbox 1137 2073 1222 2169; x_wconf 88' lang='lat' dir='ltr'>quia</span> 
     </span>
     <span class='ocr_line' id='line_1_18' title="bbox 125 2173 1224 2272; baseline 0.003 -29"><span class='ocrx_word' id='word_1_116' title='bbox 125 2173 271 2270; x_wconf 88' lang='lat' dir='ltr'>equites</span> <span class='ocrx_word' id='word_1_117' title='bbox 288 2175 346 2247; x_wconf 91' lang='lat' dir='ltr'>sui</span> <span class='ocrx_word' id='word_1_118' title='bbox 366 2186 466 2272; x_wconf 66' lang='lat' dir='ltr'>sunt,</span> <span class='ocrx_word' id='word_1_119' title='bbox 486 2176 732 2272; x_wconf 85' lang='lat' dir='ltr'>exieruntque</span> <span class='ocrx_word' id='word_1_120' title='bbox 745 2177 791 2248; x_wconf 89' lang='lat' dir='ltr'>de</span> <span class='ocrx_word' id='word_1_121' title='bbox 804 2174 1224 2247; x_wconf 89' lang='lat' dir='ltr'>navibusinoccursum</span> 
     </span>
     <span class='ocr_line' id='line_1_19' title="bbox 124 2273 1224 2374; baseline 0 -28"><span class='ocrx_word' id='word_1_122' title='bbox 124 2273 176 2348; x_wconf 90' lang='lat' dir='ltr'>eis</span> <span class='ocrx_word' id='word_1_123' title='bbox 199 2299 288 2348; x_wconf 91' lang='lat' dir='ltr'>cum</span> <span class='ocrx_word' id='word_1_124' title='bbox 310 2276 446 2373; x_wconf 83' lang='lat' dir='ltr'>gaudio</span> <span class='ocrx_word' id='word_1_125' title='bbox 471 2286 509 2349; x_wconf 88' lang='lat' dir='ltr'>et</span> <span class='ocrx_word' id='word_1_126' title='bbox 528 2277 673 2374; x_wconf 84' lang='lat' dir='ltr'>plausu.</span> <span class='ocrx_word' id='word_1_127' title='bbox 704 2278 750 2348; x_wconf 84' lang='lat' dir='ltr'>At</span> <span class='ocrx_word' id='word_1_128' title='bbox 774 2276 823 2348; x_wconf 92' lang='lat' dir='ltr'>illi</span> <span class='ocrx_word' id='word_1_129' title='bbox 840 2275 985 2350; x_wconf 87' lang='lat' dir='ltr'>subluto</span> <span class='ocrx_word' id='word_1_130' title='bbox 1002 2276 1167 2348; x_wconf 86' lang='lat' dir='ltr'>clamore</span> <span class='ocrx_word' id='word_1_131' title='bbox 1186 2273 1224 2346; x_wconf 90' lang='lat' dir='ltr'>in</span> 
     </span>
     <span class='ocr_line' id='line_1_20' title="bbox 125 2376 1225 2475; baseline 0.003 -29"><span class='ocrx_word' id='word_1_132' title='bbox 125 2376 293 2449; x_wconf 83' lang='lat' dir='ltr'>oratione</span> <span class='ocrx_word' id='word_1_133' title='bbox 323 2387 361 2449; x_wconf 88' lang='lat' dir='ltr'>et</span> <span class='ocrx_word' id='word_1_134' title='bbox 385 2377 522 2475; x_wconf 63' lang='lat' dir='ltr'>ymnis7</span> <span class='ocrx_word' id='word_1_135' title='bbox 549 2376 775 2451; x_wconf 88' lang='lat' dir='ltr'>insiluerunt</span> <span class='ocrx_word' id='word_1_136' title='bbox 801 2377 836 2447; x_wconf 93' lang='lat' dir='ltr'>in</span> <span class='ocrx_word' id='word_1_137' title='bbox 863 2377 1001 2448; x_wconf 87' lang='lat' dir='ltr'>hostes·</span> <span class='ocrx_word' id='word_1_138' title='bbox 1023 2376 1158 2474; x_wconf 73' lang='lat' dir='ltr'>subito,</span> <span class='ocrx_word' id='word_1_139' title='bbox 1188 2385 1225 2449; x_wconf 88' lang='lat' dir='ltr'>et</span> 
     </span>
     <span class='ocr_line' id='line_1_21' title="bbox 125 2477 1225 2577; baseline 0 -28"><span class='ocrx_word' id='word_1_140' title='bbox 125 2478 342 2573; x_wconf 84' lang='lat' dir='ltr'>perterritos</span> <span class='ocrx_word' id='word_1_141' title='bbox 370 2479 561 2577; x_wconf 83' lang='lat' dir='ltr'>inopinato</span> <span class='ocrx_word' id='word_1_142' title='bbox 591 2502 680 2552; x_wconf 88' lang='lat' dir='ltr'>casu</span> <span class='ocrx_word' id='word_1_143' title='bbox 707 2482 752 2551; x_wconf 86' lang='lat' dir='ltr'>ad</span> <span class='ocrx_word' id='word_1_144' title='bbox 773 2502 891 2551; x_wconf 84' lang='lat' dir='ltr'>naves</span> <span class='ocrx_word' id='word_1_145' title='bbox 910 2501 1030 2575; x_wconf 88' lang='lat' dir='ltr'>usque</span> <span class='ocrx_word' id='word_1_146' title='bbox 1051 2477 1225 2575; x_wconf 90' lang='lat' dir='ltr'>propule-</span> 
     </span>
     <span class='ocr_line' id='line_1_22' title="bbox 126 2578 1223 2676; baseline 0.001 -28"><span class='ocrx_word' id='word_1_147' title='bbox 126 2590 217 2651; x_wconf 88' lang='lat' dir='ltr'>runt.</span> <span class='ocrx_word' id='word_1_148' title='bbox 247 2578 294 2651; x_wconf 83' lang='lat' dir='ltr'>Et</span> <span class='ocrx_word' id='word_1_149' title='bbox 311 2580 408 2652; x_wconf 83' lang='lat' dir='ltr'>factu</span> <span class='ocrx_word' id='word_1_150' title='bbox 428 2591 488 2654; x_wconf 91' lang='lat' dir='ltr'>est</span> <span class='ocrx_word' id='word_1_151' title='bbox 507 2580 614 2653; x_wconf 87' lang='lat' dir='ltr'>ruina</span> <span class='ocrx_word' id='word_1_152' title='bbox 632 2604 772 2676; x_wconf 85' lang='lat' dir='ltr'>magna</span> <span class='ocrx_word' id='word_1_153' title='bbox 792 2580 828 2650; x_wconf 93' lang='lat' dir='ltr'>in</span> <span class='ocrx_word' id='word_1_154' title='bbox 851 2580 1014 2651; x_wconf 86' lang='lat' dir='ltr'>exercitu</span> <span class='ocrx_word' id='word_1_155' title='bbox 1032 2579 1223 2651; x_wconf 85' lang='lat' dir='ltr'>llanorum</span> 
     </span>
     <span class='ocr_line' id='line_1_23' title="bbox 125 2677 1224 2779; baseline 0.003 -31"><span class='ocrx_word' id='word_1_156' title='bbox 125 2677 159 2751; x_wconf 92' lang='lat' dir='ltr'>in</span> <span class='ocrx_word' id='word_1_157' title='bbox 180 2680 330 2777; x_wconf 78' lang='lat' dir='ltr'>dieilta,</span> <span class='ocrx_word' id='word_1_158' title='bbox 351 2682 641 2779; x_wconf 89' lang='lat' dir='ltr'>cecideruntque</span> <span class='ocrx_word' id='word_1_159' title='bbox 659 2681 847 2753; x_wconf 87' lang='lat' dir='ltr'>interlecti</span> <span class='ocrx_word' id='word_1_160' title='bbox 868 2704 994 2752; x_wconf 77' lang='lat' dir='ltr'>corum</span> <span class='ocrx_word' id='word_1_161' title='bbox 1015 2690 1138 2752; x_wconf 83' lang='lat' dir='ltr'>castro</span> <span class='ocrx_word' id='word_1_162' title='bbox 1153 2679 1224 2751; x_wconf 85' lang='lat' dir='ltr'>Lu·</span> 
     </span>
     <span class='ocr_line' id='line_1_24' title="bbox 113 2780 1225 2880; baseline -0.001 -29"><span class='ocrx_word' id='word_1_163' title='bbox 113 2780 235 2877; x_wconf 77' lang='lat' dir='ltr'>&#39;belre⁷</span> <span class='ocrx_word' id='word_1_164' title='bbox 260 2805 331 2854; x_wconf 89' lang='lat' dir='ltr'>nec</span> <span class='ocrx_word' id='word_1_165' title='bbox 350 2782 418 2854; x_wconf 88' lang='lat' dir='ltr'>fuit</span> <span class='ocrx_word' id='word_1_166' title='bbox 436 2783 559 2856; x_wconf 90' lang='lat' dir='ltr'>minor</span> <span class='ocrx_word' id='word_1_167' title='bbox 577 2807 764 2855; x_wconf 86' lang='lat' dir='ltr'>numerus</span> <span class='ocrx_word' id='word_1_168' title='bbox 781 2805 911 2853; x_wconf 88' lang='lat' dir='ltr'>eorum</span> <span class='ocrx_word' id='word_1_169' title='bbox 932 2780 993 2878; x_wconf 92' lang='lat' dir='ltr'>qui</span> <span class='ocrx_word' id='word_1_170' title='bbox 1013 2781 1120 2879; x_wconf 85' lang='lat' dir='ltr'>aquis</span> <span class='ocrx_word' id='word_1_171' title='bbox 1141 2802 1225 2880; x_wconf 89' lang='lat' dir='ltr'>pre·</span> 
     </span>
     <span class='ocr_line' id='line_1_25' title="bbox 124 2881 1225 2982; baseline 0.001 -31"><span class='ocrx_word' id='word_1_172' title='bbox 124 2881 236 2957; x_wconf 84' lang='lat' dir='ltr'>focati</span> <span class='ocrx_word' id='word_1_173' title='bbox 256 2893 356 2982; x_wconf 75' lang='lat' dir='ltr'>sunt,</span> <span class='ocrx_word' id='word_1_174' title='bbox 376 2908 489 2981; x_wconf 85' lang='lat' dir='ltr'>quam</span> <span class='ocrx_word' id='word_1_175' title='bbox 502 2883 713 2956; x_wconf 86' lang='lat' dir='ltr'>occisorum</span> <span class='ocrx_word' id='word_1_176' title='bbox 730 2883 867 2980; x_wconf 79' lang='lat' dir='ltr'>gladio.</span> <span class='ocrx_word' id='word_1_177' title='bbox 892 2882 1152 2979; x_wconf 84' lang='lat' dir='ltr'>Feceruntque</span> <span class='ocrx_word' id='word_1_178' title='bbox 1169 2892 1225 2952; x_wconf 88' lang='lat' dir='ltr'>tu-</span> 
     </span>
     <span class='ocr_line' id='line_1_26' title="bbox 124 2984 1225 3083; baseline -0.005 -25"><span class='ocrx_word' id='word_1_179' title='bbox 124 2986 267 3059; x_wconf 90' lang='lat' dir='ltr'>mulum</span> <span class='ocrx_word' id='word_1_180' title='bbox 294 3009 489 3082; x_wconf 74' lang='lat' dir='ltr'>magnum‚</span> <span class='ocrx_word' id='word_1_181' title='bbox 516 2984 553 3056; x_wconf 91' lang='lat' dir='ltr'>in</span> <span class='ocrx_word' id='word_1_182' title='bbox 580 3008 652 3083; x_wconf 92' lang='lat' dir='ltr'>quo</span> <span class='ocrx_word' id='word_1_183' title='bbox 678 2984 919 3082; x_wconf 90' lang='lat' dir='ltr'>proiecerunt</span> <span class='ocrx_word' id='word_1_184' title='bbox 942 3006 1098 3081; x_wconf 87' lang='lat' dir='ltr'>corpora</span> <span class='ocrx_word' id='word_1_185' title='bbox 1126 3004 1225 3053; x_wconf 92' lang='lat' dir='ltr'>mor-</span> 
     </span>
     <span class='ocr_line' id='line_1_27' title="bbox 122 3084 1224 3184; baseline -0.005 -25"><span class='ocrx_word' id='word_1_186' title='bbox 122 3097 286 3184; x_wconf 73' lang='lat' dir='ltr'>tuorum,</span> <span class='ocrx_word' id='word_1_187' title='bbox 312 3097 349 3159; x_wconf 88' lang='lat' dir='ltr'>et</span> <span class='ocrx_word' id='word_1_188' title='bbox 374 3086 411 3157; x_wconf 93' lang='lat' dir='ltr'>in</span> <span class='ocrx_word' id='word_1_189' title='bbox 431 3097 718 3159; x_wconf 89' lang='lat' dir='ltr'>monumentum</span> <span class='ocrx_word' id='word_1_190' title='bbox 736 3084 893 3157; x_wconf 89' lang='lat' dir='ltr'>victorie</span> <span class='ocrx_word' id='word_1_191' title='bbox 911 3093 1069 3157; x_wconf 86' lang='lat' dir='ltr'>vocatus</span> <span class='ocrx_word' id='word_1_192' title='bbox 1090 3094 1149 3156; x_wconf 90' lang='lat' dir='ltr'>est</span> <span class='ocrx_word' id='word_1_193' title='bbox 1167 3094 1224 3154; x_wconf 90' lang='lat' dir='ltr'>tu·</span> 
     </span>
    </p>
   </div>
   <div class='ocr_carea' id='block_1_5' title="bbox 68 3184 1224 3285">
    <p class='ocr_par' dir='ltr' id='par_1_5' title="bbox 68 3184 1224 3285">
     <span class='ocr_line' id='line_1_28' title="bbox 68 3184 1224 3285; baseline -0.002 -28"><span class='ocrx_word' id='word_1_194' title='bbox 68 3204 71 3209; x_wconf 87' lang='grc'><em>·</em></span> <span class='ocrx_word' id='word_1_195' title='bbox 123 3189 248 3261; x_wconf 90' lang='lat' dir='ltr'>mulus</span> <span class='ocrx_word' id='word_1_196' title='bbox 285 3188 349 3260; x_wconf 91' lang='lat' dir='ltr'>ille</span> <span class='ocrx_word' id='word_1_197' title='bbox 383 3187 574 3285; x_wconf 79' lang='lat' dir='ltr'>Reniberg</span> <span class='ocrx_word' id='word_1_198' title='bbox 611 3210 733 3284; x_wconf 89' lang='lat' dir='ltr'>usque</span> <span class='ocrx_word' id='word_1_199' title='bbox 774 3186 810 3257; x_wconf 93' lang='lat' dir='ltr'>in</span> <span class='ocrx_word' id='word_1_200' title='bbox 851 3185 1076 3258; x_wconf 88' lang='lat' dir='ltr'>hodiernum</span> <span class='ocrx_word' id='word_1_201' title='bbox 1113 3184 1224 3257; x_wconf 89' lang='lat' dir='ltr'>diem.</span> 
     </span>
    </p>
   </div>
   <div class='ocr_carea' id='block_1_6' title="bbox 123 3285 1226 4093">
    <p class='ocr_par' dir='ltr' id='par_1_6' title="bbox 123 3285 1226 4093">
     <span class='ocr_line' id='line_1_29' title="bbox 123 3285 1226 3387; baseline -0.003 -26"><span class='ocrx_word' id='word_1_202' title='bbox 123 3288 463 3387; x_wconf 82' lang='lat' dir='ltr'>Magnificatusque</span> <span class='ocrx_word' id='word_1_203' title='bbox 483 3298 542 3361; x_wconf 89' lang='lat' dir='ltr'>est</span> <span class='ocrx_word' id='word_1_204' title='bbox 561 3288 743 3362; x_wconf 89' lang='lat' dir='ltr'>Dominus</span> <span class='ocrx_word' id='word_1_205' title='bbox 764 3288 865 3361; x_wconf 88' lang='lat' dir='ltr'>Deus</span> <span class='ocrx_word' id='word_1_206' title='bbox 892 3286 928 3358; x_wconf 89' lang='lat' dir='ltr'>in</span> <span class='ocrx_word' id='word_1_207' title='bbox 949 3310 1062 3358; x_wconf 85' lang='lat' dir='ltr'>manu</span> <span class='ocrx_word' id='word_1_208' title='bbox 1082 3285 1226 3358; x_wconf 85' lang='lat' dir='ltr'>cristia-</span> 
     </span>
     <span class='ocr_line' id='line_1_30' title="bbox 125 3387 1224 3486; baseline -0.004 -25"><span class='ocrx_word' id='word_1_209' title='bbox 125 3415 259 3463; x_wconf 92' lang='lat' dir='ltr'>norum</span> <span class='ocrx_word' id='word_1_210' title='bbox 278 3391 315 3461; x_wconf 88' lang='lat' dir='ltr'>in</span> <span class='ocrx_word' id='word_1_211' title='bbox 335 3388 394 3462; x_wconf 87' lang='lat' dir='ltr'>dic</span> <span class='ocrx_word' id='word_1_212' title='bbox 412 3390 488 3486; x_wconf 60' lang='lat' dir='ltr'>illm</span> <span class='ocrx_word' id='word_1_213' title='bbox 508 3398 796 3486; x_wconf 84' lang='lat' dir='ltr'>statueruntque</span> <span class='ocrx_word' id='word_1_214' title='bbox 817 3398 856 3459; x_wconf 91' lang='lat' dir='ltr'>ut</span> <span class='ocrx_word' id='word_1_215' title='bbox 874 3387 1224 3474; x_wconf 85' lang='lat' dir='ltr'>diesllalendarum</span> 
     </span>
     <span class='ocr_line' id='line_1_31' title="bbox 123 3488 1225 3589; baseline -0.002 -27"><span class='ocrx_word' id='word_1_216' title='bbox 123 3492 282 3589; x_wconf 83' lang='lat' dir='ltr'>Augusti</span> <span class='ocrx_word' id='word_1_217' title='bbox 309 3491 519 3564; x_wconf 88' lang='lat' dir='ltr'>celebretur</span> <span class='ocrx_word' id='word_1_218' title='bbox 543 3490 716 3564; x_wconf 90' lang='lat' dir='ltr'>omnibus</span> <span class='ocrx_word' id='word_1_219' title='bbox 737 3488 846 3562; x_wconf 83' lang='lat' dir='ltr'>annis</span> <span class='ocrx_word' id='word_1_220' title='bbox 874 3488 910 3560; x_wconf 91' lang='lat' dir='ltr'>in</span> <span class='ocrx_word' id='word_1_221' title='bbox 940 3488 1150 3585; x_wconf 42' lang='lat' dir='ltr'>signumvet</span> <span class='ocrx_word' id='word_1_222' title='bbox 1168 3512 1225 3560; x_wconf 86' lang='lat' dir='ltr'>re·</span> 
     </span>
     <span class='ocr_line' id='line_1_32' title="bbox 124 3589 1223 3689; baseline -0.004 -25"><span class='ocrx_word' id='word_1_223' title='bbox 124 3593 402 3687; x_wconf 66' lang='lat' dir='ltr'>condictionem,</span> <span class='ocrx_word' id='word_1_224' title='bbox 434 3594 531 3688; x_wconf 91' lang='lat' dir='ltr'>quod</span> <span class='ocrx_word' id='word_1_225' title='bbox 557 3590 791 3689; x_wconf 86' lang='lat' dir='ltr'>percusserit</span> <span class='ocrx_word' id='word_1_226' title='bbox 816 3589 998 3663; x_wconf 86' lang='lat' dir='ltr'>Dominus</span> <span class='ocrx_word' id='word_1_227' title='bbox 1031 3591 1158 3663; x_wconf 84' lang='lat' dir='ltr'>Ranos</span> <span class='ocrx_word' id='word_1_228' title='bbox 1187 3589 1223 3660; x_wconf 90' lang='lat' dir='ltr'>in</span> 
     </span>
     <span class='ocr_line' id='line_1_33' title="bbox 126 3691 1225 3792; baseline -0.004 -27"><span class='ocrx_word' id='word_1_229' title='bbox 126 3704 332 3792; x_wconf 86' lang='lat' dir='ltr'>conspectu</span> <span class='ocrx_word' id='word_1_230' title='bbox 357 3693 477 3790; x_wconf 87' lang='lat' dir='ltr'>plebis</span> <span class='ocrx_word' id='word_1_231' title='bbox 505 3716 584 3765; x_wconf 90' lang='lat' dir='ltr'>sue.</span> <span class='ocrx_word' id='word_1_232' title='bbox 625 3692 921 3790; x_wconf 88' lang='lat' dir='ltr'>Servicruntque</span> <span class='ocrx_word' id='word_1_233' title='bbox 941 3691 1132 3763; x_wconf 82' lang='lat' dir='ltr'>llcrrorum</span> <span class='ocrx_word' id='word_1_234' title='bbox 1160 3714 1225 3787; x_wconf 88' lang='lat' dir='ltr'>po·</span> 
     </span>
     <span class='ocr_line' id='line_1_34' title="bbox 125 3790 1225 3891; baseline -0.005 -25"><span class='ocrx_word' id='word_1_235' title='bbox 125 3796 199 3891; x_wconf 93' lang='lat' dir='ltr'>puli</span> <span class='ocrx_word' id='word_1_236' title='bbox 225 3794 399 3868; x_wconf 87' lang='lat' dir='ltr'>Heinrico</span> <span class='ocrx_word' id='word_1_237' title='bbox 426 3796 494 3866; x_wconf 90' lang='lat' dir='ltr'>sub</span> <span class='ocrx_word' id='word_1_238' title='bbox 520 3792 699 3889; x_wconf 69' lang='lat' dir='ltr'>tributo1,</span> <span class='ocrx_word' id='word_1_239' title='bbox 727 3796 1046 3891; x_wconf 87' lang='lat' dir='ltr'>quemadmodum</span> <span class='ocrx_word' id='word_1_240' title='bbox 1069 3790 1225 3887; x_wconf 74' lang='lat' dir='ltr'>Wagiri,</span> 
     </span>
     <span class='ocr_line' id='line_1_35' title="bbox 125 3892 1225 3992; baseline -0.003 -25"><span class='ocrx_word' id='word_1_241' title='bbox 125 3896 264 3992; x_wconf 78' lang='lat' dir='ltr'>Polabi,</span> <span class='ocrx_word' id='word_1_242' title='bbox 293 3893 462 3991; x_wconf 61' lang='lat' dir='ltr'>Obotritq</span> <span class='ocrx_word' id='word_1_243' title='bbox 488 3894 620 3991; x_wconf 76' lang='lat' dir='ltr'>nicini,</span> <span class='ocrx_word' id='word_1_244' title='bbox 644 3894 856 3992; x_wconf 70' lang='lat' dir='ltr'>Cyrcipnni⁷</span> <span class='ocrx_word' id='word_1_245' title='bbox 873 3893 1006 3990; x_wconf 72' lang='lat' dir='ltr'>Lutici,</span> <span class='ocrx_word' id='word_1_246' title='bbox 1025 3892 1225 3967; x_wconf 84' lang='lat' dir='ltr'>Pomeruni</span> 
     </span>
     <span class='ocr_line' id='line_1_36' title="bbox 124 3992 1225 4093; baseline -0.004 -25"><span class='ocrx_word' id='word_1_247' title='bbox 124 4007 164 4068; x_wconf 86' lang='lat' dir='ltr'>et</span> <span class='ocrx_word' id='word_1_248' title='bbox 191 3997 368 4070; x_wconf 85' lang='lat' dir='ltr'>universe</span> <span class='ocrx_word' id='word_1_249' title='bbox 387 3994 610 4069; x_wconf 73' lang='lat' dir='ltr'>sclavorum</span> <span class='ocrx_word' id='word_1_250' title='bbox 635 3996 824 4092; x_wconf 74' lang='lat' dir='ltr'>nationes⁷</span> <span class='ocrx_word' id='word_1_251' title='bbox 850 4019 923 4093; x_wconf 86' lang='lat' dir='ltr'>que</span> <span class='ocrx_word' id='word_1_252' title='bbox 943 4005 1031 4069; x_wconf 89' lang='lat' dir='ltr'>sunt</span> <span class='ocrx_word' id='word_1_253' title='bbox 1049 3995 1147 4067; x_wconf 87' lang='lat' dir='ltr'>inter</span> <span class='ocrx_word' id='word_1_254' title='bbox 1164 3992 1225 4065; x_wconf 93' lang='lat' dir='ltr'>Al-</span> 
     </span>
    </p>
   </div>
   <div class='ocr_carea' id='block_1_7' title="bbox 128 4143 1225 4247">
    <p class='ocr_par' dir='ltr' id='par_1_7' title="bbox 128 4143 1225 4247">
     <span class='ocr_line' id='line_1_37' title="bbox 128 4143 1225 4247; baseline 0.001 -16"><span class='ocrx_word' id='word_1_255' title='bbox 128 4179 151 4247; x_wconf 81' lang='lat' dir='ltr'>u</span> <span class='ocrx_word' id='word_1_256' title='bbox 170 4180 312 4238; x_wconf 64' lang='lat' dir='ltr'>nonaum</span> <span class='ocrx_word' id='word_1_257' title='bbox 332 4181 403 4236; x_wconf 72' lang='lat' dir='ltr'>saxo</span> <span class='ocrx_word' id='word_1_258' title='bbox 424 4182 474 4234; x_wconf 69' lang='lat' dir='ltr'>ram</span> <span class='ocrx_word' id='word_1_259' title='bbox 495 4182 529 4234; x_wconf 72' lang='lat' dir='ltr'>ac</span> <span class='ocrx_word' id='word_1_260' title='bbox 550 4201 573 4235; x_wconf 72' lang='lat' dir='ltr'>a.</span> <span class='ocrx_word' id='word_1_261' title='bbox 593 4159 662 4233; x_wconf 80' lang='lat' dir='ltr'>lito</span> <span class='ocrx_word' id='word_1_262' title='bbox 682 4188 709 4234; x_wconf 75' lang='lat' dir='ltr'>u</span> <span class='ocrx_word' id='word_1_263' title='bbox 729 4143 801 4233; x_wconf 71' lang='lat' dir='ltr'>cene</span> <span class='ocrx_word' id='word_1_264' title='bbox 822 4180 855 4231; x_wconf 74' lang='lat' dir='ltr'>ar</span> <span class='ocrx_word' id='word_1_265' title='bbox 876 4196 900 4231; x_wconf 72' lang='lat' dir='ltr'>a,</span> <span class='ocrx_word' id='word_1_266' title='bbox 923 4178 995 4232; x_wconf 83' lang='lat'>1114</span> <span class='ocrx_word' id='word_1_267' title='bbox 1013 4178 1077 4233; x_wconf 73' lang='lat' dir='ltr'>cuer</span> <span class='ocrx_word' id='word_1_268' title='bbox 1097 4176 1225 4232; x_wconf 74' lang='lat' dir='ltr'>coriario</span> 
     </span>
    </p>
   </div>
   <div class='ocr_carea' id='block_1_8' title="bbox 126 4252 1224 4399">
    <p class='ocr_par' dir='ltr' id='par_1_8' title="bbox 126 4252 1224 4399">
     <span class='ocr_line' id='line_1_38' title="bbox 126 4252 1224 4327; baseline 0.001 -22"><span class='ocrx_word' id='word_1_269' title='bbox 126 4255 280 4310; x_wconf 83' lang='lat' dir='ltr'>adscribere</span> <span class='ocrx_word' id='word_1_270' title='bbox 304 4256 425 4319; x_wconf 81' lang='lat' dir='ltr'>ridetur,</span> <span class='ocrx_word' id='word_1_271' title='bbox 453 4273 522 4326; x_wconf 82' lang='lat' dir='ltr'>quae</span> <span class='ocrx_word' id='word_1_272' title='bbox 548 4272 598 4327; x_wconf 90' lang='lat' dir='ltr'>per</span> <span class='ocrx_word' id='word_1_273' title='bbox 622 4254 752 4307; x_wconf 78' lang='lat' dir='ltr'>vesullum</span> <span class='ocrx_word' id='word_1_274' title='bbox 781 4270 859 4306; x_wconf 81' lang='lat' dir='ltr'>suurn</span> <span class='ocrx_word' id='word_1_275' title='bbox 879 4252 1039 4307; x_wconf 89' lang='lat' dir='ltr'>Heinricum</span> <span class='ocrx_word' id='word_1_276' title='bbox 1060 4260 1134 4325; x_wconf 79' lang='lat' dir='ltr'>gesta</span> <span class='ocrx_word' id='word_1_277' title='bbox 1155 4260 1224 4306; x_wconf 84' lang='lat' dir='ltr'>suut.</span> 
     </span>
     <span class='ocr_line' id='line_1_39' title="bbox 126 4323 980 4399; baseline 0 -18"><span class='ocrx_word' id='word_1_278' title='bbox 126 4324 210 4383; x_wconf 84' lang='lat' dir='ltr'>luet</span> <span class='ocrx_word' id='word_1_279' title='bbox 228 4328 326 4385; x_wconf 87' lang='lat' dir='ltr'>Chron.</span> <span class='ocrx_word' id='word_1_280' title='bbox 347 4328 502 4398; x_wconf 82' lang='lat' dir='ltr'>Luneburg.</span> <span class='ocrx_word' id='word_1_281' title='bbox 522 4347 545 4382; x_wconf 80' lang='lat' dir='ltr'>a.</span> <span class='ocrx_word' id='word_1_282' title='bbox 568 4327 647 4383; x_wconf 85' lang='grc'>1114.</span> <span class='ocrx_word' id='word_1_283' title='bbox 667 4324 718 4381; x_wconf 88' lang='lat' dir='ltr'>SS.</span> <span class='ocrx_word' id='word_1_284' title='bbox 738 4326 771 4382; x_wconf 90' lang='lat' dir='ltr'>T.</span> <span class='ocrx_word' id='word_1_285' title='bbox 791 4323 868 4385; x_wconf 84' lang='lat' dir='ltr'>xvl.</span> <span class='ocrx_word' id='word_1_286' title='bbox 888 4346 915 4399; x_wconf 89' lang='lat' dir='ltr'>p.</span> <span class='ocrx_word' id='word_1_287' title='bbox 934 4327 980 4381; x_wconf 80' lang='lat'>75.</span> 
     </span>
    </p>
   </div>
   <div class='ocr_carea' id='block_1_9' title="bbox 0 0 1504 4900">
    <p class='ocr_par' dir='ltr' id='par_1_9' title="bbox 0 0 1504 4900">
     <span class='ocr_line' id='line_1_40' title="bbox 0 0 1504 4900; baseline 0 0"><span class='ocrx_word' id='word_1_288' title='bbox 0 0 1504 4900; x_wconf 95' lang='lat' dir='ltr'> </span> 
     </span>
    </p>
   </div>
  </div>
 </body>
</html>
