3000 4900
118 473 121 477 ,
167 396 414 472 unnuocm
432 398 676 474 crinorum
693 340 965 475 sunvonuu.
1001 398 1143 475 unu.
1197 405 1270 479 ooo

163 597 254 671 libet
282 599 460 699 potestati
492 599 780 675 submissurum.
821 601 850 673 ll
879 624 1064 675 converso
1093 603 1269 701 proponit

166 701 239 770 dux
260 699 426 797 omniuo,
450 710 515 773 aut
536 700 619 772 loco
643 702 780 773 cedere
804 711 868 773 aut
897 700 1099 800 propositis
1118 727 1264 801 parere.

153 798 333 897 ‘Cumque
369 800 465 874 fixus
483 800 521 895 in
540 800 728 875 sententia
749 812 922 873 maneret
941 802 1156 899 episeopus,
1181 828 1265 902 pre·
1389 798 1392 804 ’

161 899 262 997 cepit
277 902 350 973 dux
365 901 511 974 obcludi
528 901 561 973 ei
576 900 768 974 introitum
786 901 984 999 parrochie
1000 926 1070 976 sue
1080 914 1118 975 et
1128 927 1262 979 omnes

161 1000 302 1073 reditus
323 1002 560 1101 episcopales
579 1000 668 1074 tolli.
700 1000 790 1075 Post
808 1001 1023 1076 discessum
1043 1026 1135 1101 ergo
1156 1005 1261 1079 ducis

158 1099 307 1174 locutus
328 1113 388 1175 est
401 1100 709 1199 archiepiscopus
727 1106 773 1174 ad
790 1102 1002 1177 Conradum
1019 1104 1258 1202 episcopum:

157 1200 350 1297 Existimo,
375 1200 476 1299 quod
500 1226 574 1275 nou
592 1204 642 1274 sit
656 1208 806 1274 cautum
823 1203 925 1276 uobis
943 1206 1139 1276 consistere
1157 1204 1261 1298 apud
1301 1234 1303 1240 ·

156 1309 393 1395 uospropter
409 1302 582 1374 satellites
600 1301 716 1398 riuus,
738 1305 775 1375 iu
800 1325 954 1403 quorum
980 1303 1257 1378 mediusumus.

158 1400 253 1489 Ouio
264 1403 392 1495 p'otius
410 1402 584 1475 consulite
606 1402 739 1475 honori
764 1410 892 1475 nostro
912 1409 947 1475 et
961 1402 1073 1487 saluti
1090 1412 1204 1477 vestre
1222 1414 1259 1478 et

156 1505 308 1574 transite
321 1502 374 1574 ud
387 1502 735 1598 Mopdeburpeusem
748 1502 1084 1597 archiepiscopum¹
1106 1511 1140 1576 et
1149 1508 1254 1598 prin·

154 1604 263 1697 cipes,
274 1609 317 1699 ut
323 1606 473 1698 possitis
487 1602 640 1676 euadere
656 1605 1027 1676 mauusiuimicorum
1036 1611 1252 1678 vestrorum.

154 1702 233 1798 Epo
259 1726 400 1800 quoque
415 1700 657 1798 postponens
676 1703 753 1776 dies
769 1704 997 1801 prosequur²
1021 1728 1086 1777 oos
1105 1711 1140 1777 et
1149 1728 1254 1797 perc·
1277 1793 1284 1807 1

151 1804 330 1897 9νίηαύον
356 1828 439 1876 eum
457 1807 724 1900 perepriuuute.
762 1806 807 1877 Et
826 1805 914 1877 fecit
932 1806 1034 1877 iuxta
1054 1805 1252 1879 consilium

152 1904 429 2003 archiepiscopi
448 1916 485 1977 et
502 1904 651 1977 transiit
669 1909 714 1978 ad
733 1905 1103 2002 Magdeburgensem
1131 1907 1252 1979 archi·
1388 1940 1389 1943 ¹

152 2004 374 2103 episcopum
395 2014 433 2077 et
451 2006 592 2077 mansit
609 2008 706 2101 apud
727 2028 813 2077 eum
834 2006 954 2078 ferme
970 2008 1113 2078 duobus
1131 2006 1250 2081 annis

151 2105 241 2178 lude
267 2104 398 2178 abiens
423 2105 460 2176 iu
485 2106 680 2178 Franciam
701 2104 864 2178 visitavit
883 2106 1136 2180 Cistercieuse
1163 2129 1249 2179 cou-

149 2201 278 2277 cilium
295 2215 333 2277 et
345 2206 609 2279 reconciliatus
625 2206 902 2279 estAlexandro
918 2230 1015 2304 pape
1030 2230 1099 2305 per
1114 2231 1248 2280 manus

149 2304 346 2404 Pupiensis
374 2306 561 2405 episcopi,
592 2307 655 2403 qui
684 2300 936 2404 luitpertum
964 2307 1186 2404 Alexandri,
1212 2318 1250 2380 et

150 2406 293 2481 eiectus
309 2410 354 2481 de
375 2410 465 2481 sede
481 2431 551 2481 sua
567 2410 784 2480 morabatur
798 2407 834 2479 in
849 2406 1059 2480 Claravalle
1071 2405 1095 2480 ³.
1123 2407 1248 2482 Dedit·

148 2531 221 2604 que
246 2505 411 2605 pontifici
430 2509 467 2580 iu
497 2507 702 2604 mandatis,
728 2517 769 2579 ut
796 2507 940 2605 prehita
964 2507 1031 2581 sibi
1055 2508 1246 2606 facultate,

147 2617 211 2680 aut
233 2607 316 2704 ipse
335 2607 406 2681 iret
427 2611 473 2682 ad
494 2608 748 2682 Alexandrum
776 2617 840 2681 aut
864 2608 1030 2705 legatum
1057 2607 1245 2706 dirigeret.

79 2741 85 2750 ·
145 2708 225 2781 Hiis
245 2708 295 2781 ita
315 2709 476 2807 peractis
496 2733 674 2782 reversus
699 2719 757 2783 est
776 2709 1019 2807 Magdeburg,
1049 2719 1085 2781 et
1102 2708 1246 2783 invenit
1383 2769 1384 2772 ,

42 2815 46 2822 '
145 2805 1245 2908 ibiHartwicum,Hammemburgensemarchiepiscopum,

145 2933 235 2980 nam
261 2910 398 3009 etipse
417 2910 500 2982 loco
520 2920 704 3006 cesserat,
726 2920 766 2982 et
784 2919 1006 2983 manserunt
1025 2914 1123 3007 apud
1142 2911 1245 3008 Mag·

14 3014 17 3018 ’
145 3010 424 3108 dehurgeusem
444 3011 773 3108 archiepiscopum
793 3010 923 3085 diebus
944 3011 1082 3084 multis.

221 3110 516 3208 Verumptamen
533 3110 670 3184 milites
688 3111 861 3184 Hartwici
876 3110 1165 3210 archiepiscopi,
1181 3112 1243 3210 qui

145 3221 252 3281 erant
276 3211 312 3282 iu
334 3217 467 3285 castris
490 3214 687 3310 Horebor'g
706 3223 743 3285 et
764 3211 935 3310 Vriborg,
965 3211 1151 3292 faciebant
1170 3212 1244 3285 fre·

143 3320 303 3406 quentes
331 3335 514 3401 excursus
542 3323 579 3384 et
597 3314 784 3387 faciebant
803 3312 973 3386 incendia
993 3323 1030 3386 et
1049 3315 1186 3411 predas
1205 3313 1242 3384 in

142 3410 451 3511 possessionibus
478 3412 593 3485 ducis.
636 3414 892 3501 Quamobrem
918 3416 992 3485 dux
1016 3411 1243 3487 transmissa

142 3509 272 3582 militia
291 3511 490 3609 occupavit
503 3512 660 3610 Vriborg
679 3513 843 3611 etfregit
858 3511 1093 3592 munimenta
1109 3513 1190 3586 eius
1206 3524 1245 3587 et

141 3613 438 3709 adequaviteam
455 3613 535 3685 solo
547 3623 585 3685 et
593 3613 682 3686 fecit
698 3613 777 3685 tolli
791 3638 925 3687 omues
939 3613 1081 3687 reditus
1098 3614 1243 3712 episco-

140 3712 262 3808 pales,
288 3736 363 3785 uon
389 3713 538 3811 reliquit
555 3737 602 3786 ex
621 3713 676 3787 eis
696 3739 833 3812 parvas
855 3714 1044 3812 reliquias.
1084 3714 1161 3787 Soli
1180 3716 1243 3813 qui

140 3823 250 3884 erant
274 3814 311 3885 in
332 3823 456 3887 castro
479 3814 674 3912 Horeborg
700 3815 964 3889 continuerunt
989 3839 1031 3888 se
1051 3839 1172 3913 usque
1195 3818 1242 3889 ad

143 3946 168 4015 1)
188 3944 409 4004 Wichmsnuum.
489 3950 516 4021 2)
536 3951 555 4005 i.
575 3967 601 4004 e.
621 3967 728 4022 sequar.
810 3949 836 4019 3)
858 3947 943 4021 Syrus
961 3951 1007 4005 hic
1026 3951 1109 4006 luisse
1128 3950 1242 4016 videtur,

142 4017 281 4091 Pupiensis
301 4023 454 4093 episcopus,
473 4041 520 4078 seu
541 4023 755 4087 molliculum,
775 4021 813 4076 Pa
834 4024 876 4078 iae
889 4024 1005 4078 vicarius
1021 4024 1154 4094 generalis
1170 4026 1242 4078 circa

141 4109 227 4147 annos
249 4092 438 4162 noo-1166,
459 4097 505 4169 qui
519 4096 639 4167 partibus
653 4094 801 4150 Alexandri
812 4041 862 4151 hl.
881 4113 966 4167 papae
984 4096 1156 4159 adhaerebat,
1177 4100 1247 4151 dum·

142 4162 239 4221 Petrus
255 4165 402 4233 Tuscorum,
416 4171 559 4241 episcopus
572 4168 712 4240 Pupieusis
730 4166 922 4233 tres-1178,
942 4170 1081 4242 antipapas
1100 4178 1241 4224 veneratus

141 4247 192 4317 est.
231 4238 263 4295 V⁴
281 4237 389 4311 Ughelli
409 4241 486 4298 ltalia
506 4260 582 4306 sacra
602 4240 633 4298 Τ.
654 4239 674 4297 l.
695 4259 721 4314 p.
743 4241 812 4297 1091
834 4260 874 4314 sq.

963 4315 1121 4390 14‘
