3000 4900
149 415 395 504 uetunuur
414 429 655 507 cuuourcn
674 430 940 505 smvonuu.
973 429 1060 506 tte
1081 430 1122 505 ιι.
1176 398 1245 505 ιιι
1430 394 1432 397 ’

147 631 304 704 obtinuit
324 630 531 745 victoriam,
557 654 713 731 compos
733 629 893 704 effectus
914 630 1084 709 civitatis.
1125 631 1168 703 Et
1186 646 1335 707 ιιι-,1167

143 742 299 829 sumpto
320 732 485 803 exercitu
505 724 595 805 abiit
613 733 786 845 Κοιιιιιιιι,
807 742 844 804 et
862 730 1002 803 invenit
1020 731 1287 812 Reinoldmn

145 842 184 905 et
203 832 443 925 exercitum5
450 856 562 946 quem
582 834 820 929 premiserat
846 832 1026 905 letantem
1055 834 1100 905 de
1121 834 1241 905 salute

145 934 283 1008 suimet
307 944 344 1005 et
369 934 415 1005 de
441 935 546 1003 ruina
576 935 841 1005 Romanorum.
883 934 927 1005 Et
952 932 1118 1005 admovit
1137 956 1242 1011 exer·

143 1033 281 1126 citumq
315 1044 353 1105 ut
378 1043 532 1130 caperet
556 1033 737 1127 Romam,
768 1043 805 1104 et
830 1033 1061 1129 obpugnavit
1087 1034 1240 1117 domum

142 1132 241 1205 beati
261 1133 372 1228 Petri,
396 1134 481 1229 quia
503 1134 705 1230 presidium
722 1134 976 1205 Romanorum
996 1131 1182 1227 illiceret,
1202 1144 1240 1205 et

140 1232 250 1306 iussit
269 1233 396 1329 ignem
417 1234 533 1328 portis
552 1233 700 1305 immitti
722 1243 760 1305 et
779 1233 903 1329 abegit
917 1233 1108 1305 Romanos
1128 1243 1239 1305 atur·

139 1332 240 1405 ribus
260 1356 328 1430 per
347 1357 525 1446 vaporem
547 1334 648 1405 furni.
683 1333 727 1405 Et
746 1333 934 1405 obtinuitt
920 1333 1103 1445 templum
1124 1344 1161 1405 et
1180 1356 1236 1407 re-

137 1432 253 1529 plevit
280 1436 388 1505 edem
416 1433 633 1507 interfectis
672 1435 718 1507 Et
736 1433 973 1505 intronizavit
995 1432 1235 1506 Calixtumrn

137 1534 365 1606 cathedram
385 1544 422 1605 et
449 1536 526 1630 egit
553 1534 627 1606 illic
655 1534 913 1607 celebritatem
939 1533 1036 1607 beati
1062 1534 1159 1607 Petri
1187 1536 1232 1607 ad
1243 1546 1343 1618 nugi.

135 1623 295 1710 vincula
322 1634 571 1732 Admovrtque
592 1659 745 1706 manum
742 1633 1154 1747 ''Lateranensibuqut
1114 1636 1272 1707 rit-de

134 1744 299 1807 strueret
323 1758 403 1826 eoo,
431 1738 688 1831 dederuntque
717 1734 752 1807 ei
780 1760 846 1831 pro
865 1736 938 1808 vita
959 1734 1072 1807 simul
1091 1745 1128 1806 et
1147 1733 1233 1808 civi·

132 1843 224 1928 tate,
251 1834 422 1931 quicquid
448 1836 623 1931 postulati
647 1834 818 1907 luissent.
851 1836 977 1907 Coacti
1000 1844 1040 1907 ut
1061 1858 1232 1931 compre

133 1935 343 2006 henderent
365 1934 633 2030 Alexandrum,
658 1960 732 2007 non
753 1936 1031 2032 prevaluerunt⁷
1061 1958 1106 2007 eo
1132 1938 1230 2032 quod

132 2044 242 2105 noctu
272 2035 402 2130 fugam
429 2034 573 2108 inisset.
615 2034 824 2132 praecepit
849 2034 945 2108 filios
971 2034 1148 2108 nobilium
1169 2039 1230 2111 ob·

131 2135 247 2230 sides,
268 2146 307 2206 ut
325 2138 370 2207 de
391 2147 516 2209 cetero
537 2137 757 2209 obedientes
779 2147 909 2209 essent
928 2136 1070 2211 Calixto
1089 2133 1162 2209 fide
1182 2135 1228 2209 ir·
1312 2176 1322 2181 -

130 2237 374 2333 reprehensa.

206 2336 343 2409 Secuta
364 2347 422 2408 est
441 2337 510 2407 hos
532 2336 674 2409 cesaris
695 2361 899 2434 prosperos
917 2346 1076 2408 eventus
1092 2359 1226 2431 repen-

128 2436 203 2509 tina
221 2437 427 2509 calamitas.
455 2436 572 2508 Tanta
590 2436 690 2508 enim
703 2437 916 2536 pestilentia
928 2437 1055 2525 subito
1066 2437 1225 2508 Romam

128 2537 277 2631 invasit,
298 2548 337 2608 ut
355 2537 449 2608 infra
465 2561 606 2634 paucos
626 2538 706 2610 dies
724 2537 886 2610 universi
904 2561 1000 2634 pene
1019 2536 1232 2609 interirent(

128 2638 258 2710 Mense
275 2639 374 2709 enim
385 2639 554 2733 Augusto
572 2639 751 2735 pestifere
768 2638 902 2709 nebule
918 2637 953 2708 in
971 2637 1137 2733 partibus
1154 2637 1224 2710 illis

128 2761 359 2834 consurgere
377 2737 558 2809 dicuntur.
591 2739 725 2810 Mortui
746 2749 833 2811 sunt
853 2762 896 2810 ea
912 2738 1125 2834 pestilentia
1142 2738 1224 2820 llei-
1293 2757 1295 2764 ·

127 2838 261 2911 noldus
287 2836 566 2929 Coloniensis¹‚
595 2841 858 2910 Heremannus
885 2837 1134 2934 Verdensis²,
1162 2839 1223 2934 qui

9 2939 14 2947 ’
127 2948 235 3010 erant
274 2941 388 3011 duces
427 2939 589 3033 consilii5
631 2950 803 3036 preterea
839 2938 1095 3012 nobilissimus
1137 2941 1224 3014 udo-

123 3038 298 3133 lescens7
320 3037 417 3111 filius
444 3039 602 3113 Conradi
630 3037 781 3134 regis&
803 3039 864 3137 qni
891 3042 1048 3113 duxerat
1074 3037 1221 3110 unicam

124 3139 239 3211 liliam
259 3139 421 3212 Heinrici
446 3140 551 3213 ducis
580 3140 712 3235 nostri⁷
739 3139 896 3238 insuper
914 3139 1019 3212 multi
1041 3138 1222 3237 episcopi,

6 3259 7 3307 ;
123 3239 313 3336 principes
334 3251 370 3312 et
389 3241 533 3313 nobiles
552 3240 634 3336 ipso
655 3250 825 3338 tempore
844 3241 1077 3313 interierunt.
1104 3241 1223 3314 Cesar

124 3363 208 3410 cum
230 3339 379 3410 residuo
399 3340 561 3411 exercitu
584 3364 762 3412 reversus
778 3352 836 3412 est
854 3340 891 3412 in
909 3341 1220 3438 Longobardiam.

122 3438 204 3511 lllic·
226 3439 369 3538 positus
394 3439 533 3511 audivit
560 3451 717 3536 motum,
745 3441 808 3538 qui
834 3441 902 3513 luit
926 3441 961 3512 in
982 3441 1158 3554 Saxonia,
1184 3453 1222 3513 et

122 3539 240 3612 missa
258 3541 447 3636 legatione
471 3540 728 3637 frequentibus
752 3541 909 3613 induciis
934 3542 1118 3638 repressit
1141 3565 1221 3614 sur-

120 3651 275 3752 gentem
300 3641 537 3735 seditionem,
560 3663 757 3739 quousque
782 3643 979 3738 preteriret
997 3653 1163 3740 tempus,
1184 3651 1221 3714 et

121 3739 204 3838 ipse
223 3741 446 3814 liberaretur
463 3745 508 3814 ab
530 3741 766 3838 expeditione
787 3742 922 3815 italica.

195 3842 235 3913 ln
258 3852 429 3939 ternpore
452 3841 595 3913 dierum
619 3841 767 3914 illorum
791 3843 891 3916 misit
914 3840 1125 3941 Heinricus
1144 3847 1217 3916 dux
1273 3870 1275 3877 ¹

6 3928 7 3931 ¹
118 3940 287 4013 Bawarie
309 3953 355 4015 et
366 3942 542 4016 Saxonie.
535 3942 739 4040 legatos
730 3969 766 4014 ιιι
785 3944 973 4041 Angliam
1002 3955 1038 4018 et
1058 3899 1217 4017 adduxe-

6 4058 7 4063 ’
121 4059 146 4125 1)
164 4058 215 4114 lle
218 4059 315 4113 eoldus
343 4061 410 4113 obiit
435 4059 516 4117 1167.
542 4058 615 4131 Aug.
643 4060 685 4116 14.
796 4062 834 4147 2),
843 4061 1015 4118 Hermannue
1043 4063 1097 4116 obi
1090 4071 1110 4117 rt
1136 4062 1217 4117 1167.

6 4148 7 4187 3
120 4131 192 4200 Aug
206 4131 247 4190 ll.
321 4132 347 4202 3)
367 4132 520 4188 Frdercue
536 4137 570 4188 de
587 4133 834 4206 Rothenbugc
809 4135 1096 4190 uduciefiliaeecun
1101 4138 1142 4202 da,
1162 4153 1216 4190 non

6 4261 7 4264 ¹
119 4221 184 4258 uero
210 4205 299 4272 unice,
323 4205 465 4261 bertrudis
491 4225 561 4261 anno
585 4206 697 4260 1166ιι
680 4216 827 4278 urupta
790 4209 849 4270 luit
874 4227 926 4281 qua
930 4227 954 4262 m
983 4217 1073 4280 postea
1094 4208 1215 4266 Canutue

6 4278 7 4310 l
120 4295 167 4331 rex
186 4276 291 4332 Danae
310 4279 435 4342 duxit;v
438 4281 576 4335 ,inlrac¹
599 4279 641 4333 14.

914 4358 983 4431 tt*
