3000 4900
318 440 366 511 34
418 431 669 508 HELMOLDI
689 431 934 507 CHRONICA
953 430 1221 505 SLAVORUM.
1249 428 1339 504 ΗΒ.
1354 429 1384 502 1.

317 637 386 734 bie,
413 659 482 734 qne
507 633 559 708 od
584 637 642 707 ius
658 632 871 728 pontificale
894 635 1136 728 imperatorin
1166 636 1242 704 mm
1276 631 1420 704 dudum

321 740 551 811 concessione
569 741 820 828 peruenerunt.
857 733 1028 807 Pontifex
1046 733 1171 832 igitur,
1191 756 1267 805 non
1288 735 1420 807 adver·

318 850 403 913 tens
422 835 653 912 callidissimi
673 835 839 908 hominis
857 834 984 907 dolum
1005 836 1207 908 verborum
1226 833 1420 906 coloribus

321 941 605 1034 adumbratum,
632 946 813 1034 reputans
846 935 980 1031 etiam,
1012 934 1127 1007 nichil
1157 933 1227 1007 sibi
1263 933 1421 1008 officere

321 1037 603 1133 concambium,
632 1037 712 1109 sine
731 1061 839 1108 mora
856 1035 1027 1134 petitioni
1057 1033 1137 1108 eius
1162 1033 1308 1108 annuit:
1334 1035 1421 1133 ipse

321 1141 471 1239 quidem
488 1138 598 1212 villas
617 1136 853 1236 amplissime
869 1135 1143 1235 possessionis1
1172 1135 1328 1234 accepit,
1356 1135 1420 1208 tri-

319 1244 452 1316 butum
469 1264 572 1336 vero,
599 1239 697 1336 quod
725 1261 840 1335 supra
865 1236 1085 1333 memoravi,
1113 1261 1254 1334 genero
1281 1259 1351 1308 suo
1372 1237 1420 1309 ad

320 1339 480 1414 manus²
496 1338 711 1437 filie-ipsius
730 1338 985 1436 colligendum
1002 1336 1226 1436 resignavit,
1251 1336 1422 1433 aliquan·

321 1441 382 1514 diu
402 1440 517 1515 etiarn
533 1441 631 1538 apud
646 1436 840 1511 Obotritos
855 1448 1113 1510 commoratus
1127 1437 1257 1536 predia
1272 1437 1422 1510 colonis

320 1539 529 1617 exercenda
546 1538 744 1636 distribuit,
761 1537 1016 1636 ordinatisque
1033 1539 1206 1612 omnibus
1225 1538 1420 1612 interram

319 1641 560 1742 Wagirorurn
574 1663 749 1714 reversus
769 1649 837 1713 est.
871 1638 924 1710 Ibi
944 1639 1044 1713 enim
1063 1639 1175 1712 statio
1195 1638 1422 1738 oportunior

320 1743 391 1815 fuit
417 1752 456 1817 et
482 1751 588 1815 extra
613 1740 783 1840 pericula
806 1739 950 1838 posita,
985 1764 1030 1815 eo
1063 1741 1161 1838 quod
1193 1739 1418 1813 Sclavorum

321 1843 436 1916 animi
454 1841 676 1916 naturaliter
694 1841 770 1914 sint
786 1839 890 1913 infidi
908 1851 946 1915 et
964 1842 1010 1913 ad
1028 1842 1172 1914 malum
1190 1840 1298 1940 proni
1316 1840 1422 1915 ideo·

321 1969 393 2042 que
419 1942 586 2018 cavendi.
640 1942 853 2038 Habuitque
884 1953 1011 2041 preter
1041 1941 1135 2015 alias
1166 1952 1292 2015 curtes
1324 1943 1422 2015 duas
1478 2022 1479 2025 Ἴ

320 2044 483 2142 nobileS,
512 2044 611 2142 apud
639 2065 732 2140 quas
760 2043 887 2141 sepius
914 2041 1083 2141 pontifex
1102 2042 1321 2117 deversatus
1347 2053 1420 2140 est,
1478 2036 1479 2119 ζ

320 2169 434 2218 unam
450 2145 487 2216 in
500 2144 588 2217 villa
599 2142 832 2243 publicaque
843 2141 1293 2239 diciturBuzu³,alteram
1304 2167 1421 2243 super

320 2243 478 2319 fluvium
496 2242 707 2318 Trabenam
724 2243 762 2315 in
782 2244 866 2317 loco
886 2243 949 2342 qui
968 2241 1104 2316 dicitur
1122 2240 1331 2340 Nezennal,
1357 2244 1419 2316 ubi
1478 2304 1479 2315 ,

322 2346 436 2420 etiam
452 2345 522 2418 fuit
536 2344 744 2418 oratorium
759 2355 797 2418 et
811 2345 999 2418 caminata
1013 2355 1161 2418 murato
1178 2368 1293 2443 opere
1303 2344 1419 2441 facta,
1478 2376 1479 2391 ¹

321 2446 427 2521 cuius
446 2447 692 2521 fundamenta
710 2470 782 2545 ego
803 2446 1107 2520 adolescentulus
1125 2444 1199 2519 vidi
1207 2446 1234 2543 ⁶,
1253 2442 1418 2543 eoquod

320 2572 396 2622 non
414 2547 554 2622 fuerint
570 2548 685 2645 longe
705 2547 866 2621 aradice
885 2546 1036 2645 montis,
1055 2571 1168 2644 quem
1187 2546 1329 2643 antiqui
1343 2546 1420 2619 Oil-

319 2649 453 2745 berch,
472 2647 643 2722 moderni
661 2658 819 2747 propter
845 2648 1044 2722 castellum
1068 2647 1288 2746 impositum
1312 2646 1419 2746 Sige-

320 2748 441 2823 berch.
455 2748 657 2848 appellant.
684 2748 774 2820 Post
792 2749 933 2821 multos
951 2748 1066 2847 igitur
1084 2748 1176 2843 dies,
1195 2772 1283 2822 cum
1297 2748 1422 2846 ponti·

320 2851 382 2923 fex
395 2850 517 2947 Wago
538 2848 632 2922 alias
651 2859 858 2947 occupatus
871 2859 1014 2922 terrum
1023 2847 1281 2927 Obotritorum
1296 2849 1421 2922 rarius

320 2949 510 3048 inviseret,
539 2949 777 3048 supradictus
795 2948 922 3049 Billug
939 2976 1015 3023 una
1032 2974 1119 3023 cum
1137 2948 1216 3022 filio
1236 2973 1305 3022 suo
1332 2950 1422 3023 Mis·

321 3050 426 3146 sizla,
452 3050 773 3150 opportunitatem
791 3060 937 3148 nactuS,
959 3051 1089 3123 dolum
1109 3075 1221 3148 quem
1244 3074 1336 3148 erga
1356 3052 1420 3124 do-

320 3150 466 3223 minum
486 3160 524 3225 et
541 3161 735 3250 pastorem
754 3174 865 3224 suum
892 3162 1130 3250 conceperat,
1154 3150 1337 3250 paulatim
1357 3152 1421 3225 de·

319 3250 424 3347 texit,
444 3250 617 3349 cepitque
640 3251 904 3349 possessiones
923 3251 1159 3351 episcopales
1178 3251 1362 3349 quas‘sibi
1380 3263 1422 3325 ut

320 3351 422 3426 fideli
442 3362 479 3425 et
498 3351 600 3425 affini
620 3376 688 3425 suo
716 3353 876 3426 tuendas
904 3354 1105 3452 episcopus
1131 3353 1421 3427 commendave-

321 3462 391 3549 rat,
419 3452 576 3525 occultis
603 3462 754 3527 vastare
786 3453 1005 3551 latrociniis,
1033 3464 1071 3528 et
1097 3453 1422 3528 subintromittere

321 3575 452 3626 servos
478 3576 580 3650 sune,
609 3553 671 3650 qui
699 3552 844 3626 colonis
872 3578 990 3653 equos
1015 3564 1052 3629 et
1074 3564 1221 3629 ceteras
1247 3556 1421 3628 substan·

320 3653 392 3725 tias
406 3652 536 3726 furtim
551 3654 753 3728 auferrent
773 3654 941 3729 Conatus
955 3656 1054 3730 enirn
1069 3655 1170 3727 illius
1185 3655 1230 3727 ad
1245 3654 1282 3727 id
1297 3678 1419 3753 usque

320 3753 518 3851 processit,
551 3763 593 3826 ut
625 3754 847 3855 episcopum
872 3756 970 3829 sicut
996 3756 1231 3831 decimarum
1256 3755 1338 3830 iure
1364 3755 1422 3829 sic

320 3854 625 3953 possessionibus
651 3854 845 3950 eximeret,
871 3860 1166 3956 perturbateque
1190 3856 1312 3955 capite
1339 3858 1419 3929 cul·

320 3964 381 4027 tus
400 3954 469 4027 Dei
492 3954 642 4029 facilius
669 3966 815 4055 pateret
841 3959 1074 4033 exterminio.
1114 3958 1282 4031 Tandem
1300 3956 1421 4055 igitur

320 4132 346 4201 l)
364 4132 384 4187 i.
398 4150 422 4189 e.
443 4150 556 4205 magnes
582 4136 763 4201 extensionis,
790 4138 878 4209 magni
905 4137 994 4209 pretii.
1141 4136 1169 4210 2)
1189 4139 1207 4193 i.
1221 4155 1246 4193 s.
1273 4138 1308 4190 sd
1327 4156 1417 4191 usum.
1476 4131 1477 4136 '

319 4204 346 4275 3]
366 4198 456 4261 Bossu
476 4208 510 4261 nd
529 4206 619 4261 lecum
635 4206 805 4266 Plbnensem.
879 4210 907 4282 4)
927 4208 1061 4277 Gnisssu,
1080 4211 1143 4265 villa
1164 4210 1329 4280 parochialis
1344 4211 1420 4264 iuxta

319 4278 430 4335 flurium
449 4278 536 4337 Trete
554 4280 617 4338 sits.
691 4282 718 4353 5)
736 4283 902 4355 prospiciens
921 4282 1048 4347 nimirum
1068 4302 1083 4338 e
1102 4284 1244 4339 cacumine
1264 4285 1371 4339 montis
1476 4291 1477 4294 ’
