3000 4900
174 437 417 513 HELMOLDl
437 437 678 512 CHRONlCA
696 436 964 515 SLAVORUM.
991 437 1078 512 LlB.
1096 438 1122 512 l.
1174 440 1224 514 55

120 638 187 736 qui
225 639 456 737 exploraret,
489 639 575 737 quid
605 637 730 712 Sclavi
757 647 938 736 agerent,
975 648 1040 712 aut
1065 636 1226 737 qualiter

123 739 394 837 expugnationi
414 739 513 813 urbis
533 739 729 816 instarent.
778 739 917 814 Missus
941 737 1068 836 itaque
1088 738 1144 812 vir
1162 739 1224 814 ille

123 865 146 912 a
174 839 300 935 sociis,
328 839 564 937 pervenitad
585 839 1048 935 exercitumSclavorum,
1076 839 1225 938 quico-

122 949 326 1037 operuerat
343 941 479 1014 faeiem
500 940 636 1039 campi,
663 963 871 1039 preparans
890 939 1062 1014 diversas
1083 939 1225 1012 machi-

121 1063 192 1112 nas
213 1041 481 1138 expugnationi
501 1051 717 1140 oportunus.
760 1042 865 1129 Quos
885 1041 1000 1113 etiarn
1018 1039 1078 1114 lris
1097 1039 1223 1114 verbis

120 1141 339 1238 alloquitur:
370 1141 462 1230 Ouid
477 1144 611 1236 facitis,
635 1165 656 1214 ο
676 1145 755 1234 uiri,
782 1147 1032 1236 oppupnaates
1049 1141 1172 1214 urlrern
1191 1147 1226 1214 et

118 1243 217 1314 uiros
235 1245 373 1315 amicos
389 1244 589 1336 principum
615 1249 650 1314 et
673 1242 885 1316 Serenum?
910 1241 992 1314 lllon
1016 1244 1137 1337 utique
1163 1267 1223 1315 co·

118 1348 229 1415 natus
255 1345 319 1414 iste
345 1341 444 1414 cedet
471 1343 571 1416 cobis
594 1345 630 1414 in
653 1365 876 1438 prosperum.
921 1341 1079 1414 Mandat
1103 1348 1223 1414 autem
1274 1405 1291 1436 ‚

119 1442 221 1514 volis
248 1443 322 1516 dua
348 1445 522 1538 celerique
546 1445 767 1538 principum,
800 1442 984 1516 obsidione
1010 1443 1222 1536 quantocius

119 1542 312 1616 discedere.
368 1543 472 1632 Quod
503 1546 534 1616 si
563 1567 636 1618 uon
665 1545 839 1636 feceritis,
875 1544 911 1614 in
941 1543 1039 1614 trevi
1067 1543 1223 1614 sentietis

117 1641 297 1717 ultionem.
342 1642 412 1730 Qui
440 1667 525 1716 eum
546 1643 656 1717 anxie
675 1643 920 1740 inquirerent,
944 1641 1097 1715 ubinam
1118 1651 1222 1714 esset

118 1744 213 1815 dux:
240 1743 446 1841 respondit,
471 1767 557 1816 eum
578 1744 614 1816 in
634 1743 814 1843 proximis
833 1747 973 1816 adesse
993 1766 1079 1815 curn
1097 1765 1222 1814 arma·

118 1853 243 1916 torum
264 1843 406 1916 infinita
422 1843 669 1918 multitudine.
696 1843 876 1942 Princeps
893 1866 984 1940 ergo
998 1842 1220 1916 Sclavorum

118 1946 248 2041 Cruto,
275 1954 471 2042 assumpto
499 1944 660 2018 seorsim
688 1945 838 2040 nuncio,
857 1952 1133 2041 'percunctatus
1161 1952 1222 2015 est

118 2049 165 2117 ab
195 2068 240 2117 eo
268 2045 406 2118 certius
432 2045 486 2118 rei
514 2045 724 2118 veritatem.
778 2047 831 2118 Ad
859 2069 970 2143 quem
998 2043 1080 2117 ille:
1116 2042 1219 2136 Quid,

118 2145 250 2241 inquit,
277 2145 382 2218 dalis
400 2145 485 2218 ririlri
499 2149 620 2240 precii,
648 2149 680 2220 si
698 2147 898 2240 prodidere
923 2141 991 2216 tibi
1009 2169 1065 2238 ea,
1092 2167 1159 2238 que
1183 2149 1220 2215 tu

118 2250 249 2341 queris,
269 2252 303 2317 et
318 2248 438 2332 fecero
458 2254 489 2318 te
508 2252 706 2340 compotem
726 2247 919 2319 uoluntatis
937 2252 994 2317 tue
1012 2268 1120 2338 super
1134 2244 1222 2316 urbe

10 2375 12 2434 g
118 2346 189 2418 liae
216 2353 250 2418 et
272 2344 340 2418 lriis
367 2348 427 2440 qui
452 2353 535 2420 sunt
561 2349 597 2418 in
623 2347 695 2418 ea?
720 2347 767 2418 At
794 2345 855 2418 ille
879 2355 1013 2444 pactus
1037 2354 1099 2416 est
1118 2343 1151 2415 ei
1171 2345 1221 2417 20

118 2470 280 2519 mareas.
313 2445 446 2519 Statim
467 2446 527 2519 ubi
546 2445 694 2520 firmata
714 2458 803 2521 sunt
821 2445 1023 2544 promissa,
1042 2443 1131 2519 dixit
1145 2455 1219 2517 tra·

119 2548 213 2621 ditor
238 2547 299 2620 ille
327 2549 480 2623 Crotoni
509 2558 546 2620 et
574 2546 686 2623 sociis
715 2547 815 2621 eins:
843 2547 1025 2638 Duciste,
1052 2552 1218 2641 quantu

115 2647 311 2740 formidas,
340 2650 490 2720 necdum
510 2651 675 2721 transivit
692 2650 794 2742 ripas
812 2646 921 2742 Alete,
949 2646 1109 2719 detentus
1132 2667 1219 2739 pra·

119 2750 218 2821 uitus
235 2747 515 2841 impedimentis:
542 2749 611 2821 soli
628 2749 835 2842 Slurnrarii,
862 2748 1021 2821 Hetzulii
1045 2753 1079 2820 et
1098 2745 1219 2817 Tlretlr-

118 2847 257 2920 murclri
288 2851 421 2942 epressi
449 2855 533 2921 sunt
561 2874 640 2922 curn
677 2850 775 2921 inani
811 2872 971 2921 numero.
1024 2846 1102 2919 Hos
1132 2870 1218 2940 erpo

115 2948 225 3034 facile
249 2971 320 3020 uno
347 2948 455 3019 uerlro
479 2948 670 3042 seducam,
698 2952 892 3033 etfaciam
919 2948 1034 3020 redire
1060 2945 1112 3019 ud
1136 2946 1218 3041 loca

117 3072 196 3121 suu.
251 3047 329 3119 Hiis
356 3046 476 3143 dietis,
504 3048 653 3123 transiit
679 3060 832 3147 pontem
863 3057 900 3120 et
926 3049 1073 3119 locutus
1094 3055 1154 3119 est
1172 3048 1217 3117 ad

117 3149 238 3223 Butue
258 3157 295 3221 et
313 3150 359 3220 ad
379 3149 502 3223 socios
523 3148 621 3221 eius:
642 3151 793 3224 Consule
808 3149 917 3222 saluti
931 3156 988 3221 tue
1002 3154 1034 3219 et
1048 3149 1218 3237 uirorum,

119 3253 178 3345 qui
203 3256 318 3321 tecum
345 3255 439 3342 sunt,
466 3252 550 3345 qaia
577 3249 755 3343 Saxones,
782 3252 818 3322 in
843 3249 969 3345 paribus
994 3255 1032 3319 tu
1056 3246 1219 3320 habebas

116 3350 298 3443 fiduciam,
326 3372 398 3421 non
423 3352 562 3423 uenient
582 3349 653 3423 trac
678 3352 752 3423 vice
768 3372 978 3421 succurrere
997 3348 1068 3419 tilii.
1113 3346 1219 3418 Tunc

117 3449 180 3522 ille
200 3459 465 3523 consternatus
485 3450 623 3543 animo,
643 3449 855 3548 respondit:
875 3450 954 3521 Heu
968 3450 1218 3539 rnerniserum,
1327 3456 1334 3465 ‘

114 3574 230 3646 quare
248 3548 395 3623 deseror
413 3550 460 3621 alr
479 3551 628 3625 amicis?
654 3549 792 3623 Siccine
811 3549 977 3622 Scrcoaes
995 3550 1119 3643 optimi
1135 3570 1217 3641 sup·

114 3650 241 3743 plicem
268 3652 324 3723 sui
347 3657 383 3722 et
405 3653 530 3724 ariailii
555 3649 714 3746 indipum
733 3654 768 3723 in
787 3651 1015 3724 tribulatione
1032 3647 1219 3722 deserent?

117 3750 214 3821 Male
231 3749 374 3823 delusus
395 3774 486 3846 sum,
513 3754 573 3847 qui
590 3750 798 3825 Semonibus
815 3752 911 3825 bona
930 3773 1070 3842 semper
1084 3747 1218 3836 fiducia

107 3854 278 3943 innitens,
298 3874 391 3923 nunc
408 3852 445 3923 in
464 3858 622 3925 extrema
640 3854 850 3925 necessitate
865 3848 1108 3943 pessundatus
1125 3871 1217 3920 sum.

116 3953 171 4023 Ad
191 3974 305 4049 quern
324 3949 403 4023 ille:
437 3950 542 4044 Venit,
571 3950 702 4048 inquit,
730 3951 903 4025 dissensio
922 3953 958 4023 in
975 3948 1159 4044 populum,
1184 3954 1220 4019 et

116 4052 372 4124 tumultuantes
402 4055 494 4123 inter
524 4074 583 4146 se,
622 4055 755 4127 reuersi
784 4060 869 4127 sunt
897 4052 1136 4145 unusquisque
1167 4047 1219 4119 ad

118 4151 264 4225 doricum
293 4175 397 4224 suam
408 4148 434 4225 ¹.
482 4150 560 4224 Alio
585 4153 693 4247 ipitur
715 4153 863 4225 consilio
889 4152 951 4224 tibi
968 4149 1135 4222 citandum
1155 4154 1216 4219 est.

120 4286 145 4357 l)
163 4292 263 4342 reverti
282 4289 318 4342 ad
337 4290 439 4343 domum
458 4302 541 4356 suani,
562 4287 670 4341 bittine.
