3000 4900
291 442 364 515 186
415 441 659 516 HELMOLDI
679 440 920 516 CHRONlCA
940 440 1209 517 SLAVORUM.
1236 442 1323 517 LlB.
1338 443 1363 515 l.

281 652 509 739 pervacuum
534 650 599 738 est,
625 641 798 715 acceditis
823 641 1029 737 adportas
1054 643 1168 740 urbis,
1199 646 1392 717 obstruitis

281 744 451 841 pericula
476 744 655 817 vobismet
685 742 797 837 ipsis?
844 742 1090 817 Frustrotorii
1120 744 1391 817 suntbuiuscc·

288 844 390 918 modi
407 867 625 941 conpressus
641 850 751 941 atque
768 846 919 917 ruinosi.
956 846 1051 934 (tuin
1063 848 1189 939 polius
1207 847 1392 919 consistite

287 949 326 1019 in
343 944 591 1019 tabernaculis
608 947 747 1040 uestris,
775 943 872 1017 unde
895 966 969 1018 non
981 948 1135 1039 possitis
1152 945 1313 1019 ioculari
1329 969 1390 1019 so·-

283 1040 385 1143 qittis
400 1046 571 1142 bostium,
594 1052 631 1117 et
643 1045 771 1119 bobcte
789 1044 996 1119 custodiam
1014 1045 1227 1143 obsidionis,
1245 1070 1290 1120 ne
1308 1049 1390 1145 puis

287 1147 468 1244 elabatur.
514 1145 641 1219 Nostri
657 1169 742 1219 vero
761 1144 876 1221 studii
898 1149 969 1219 erit
978 1171 1048 1241 per
1067 1146 1135 1219 Dei
1151 1150 1326 1244 qratiam,
1350 1154 1394 1219 nt

286 1251 364 1321 sinc
384 1246 540 1320 bimaita
558 1254 595 1320 ct
612 1249 689 1319 sine
709 1253 836 1343 strage
848 1245 938 1319 orbe
949 1250 1157 1342 potiamini.
1193 1250 1240 1321 Et
1258 1248 1388 1321 statim

286 1348 458 1447 precepit
471 1372 518 1421 ex
531 1348 735 1421 abundanti
749 1372 907 1423 nemore
921 1348 1027 1446 ligna
1044 1348 1200 1424 conduci
1216 1360 1254 1422 et
1267 1348 1389 1447 aptari

286 1450 419 1523 bellica
450 1450 722 1544 instrumenta,
757 1448 881 1547 qualia
911 1449 1056 1523 viderat
1090 1451 1190 1523 facta
1222 1450 1388 1524 Crimmc

286 1550 369 1624 sive
394 1549 606 1624 Mediolani.
648 1549 828 1647 Fecitque
863 1550 1061 1624 machinas
1087 1549 1389 1647 efficacissimas,

286 1676 401 1725 unam
418 1650 594 1724 tabulatis
613 1662 851 1748 compactam
871 1651 917 1724 ad
934 1651 1224 1751 perfringendos
1243 1675 1388 1746 muros,

286 1752 446 1825 alteram
472 1774 564 1824 vero
584 1776 658 1849 que
677 1751 864 1825 excelsior
881 1763 963 1825 erat
983 1762 1020 1825 et
1043 1751 1081 1825 in
1099 1753 1213 1825 turris
1232 1753 1387 1826 modum

285 1862 426 1949 erecta,
452 1853 748 1950 superexaltavit
775 1863 900 1927 castro
927 1855 972 1926 ad
992 1853 1208 1952 dirigendas
1227 1852 1387 1951 sagittas

286 1963 325 2026 et
341 1955 387 2025 ad
406 1952 614 2050 abigendos
634 1978 701 2028 eos
720 1953 783 2051 qui
802 1958 952 2029 stabant
970 1953 1006 2025 in
1021 1953 1328 2054 propugnaculis.
1356 1957 1387 2027 A

284 2055 345 2126 die
372 2053 494 2149 enim,
524 2076 597 2153 qua
622 2064 750 2127 erecta
777 2066 837 2128 est
861 2055 933 2128 hec
958 2055 1112 2153 fabrica,
1139 2078 1252 2128 nemo
1283 2055 1388 2129 Scla-

284 2178 418 2227 vorum
434 2178 551 2227 ausus
567 2164 627 2227 cst
640 2155 810 2252 prolerre
824 2165 950 2253 caput,
965 2166 1030 2229 aut
1042 2180 1227 2255 apparere
1241 2159 1288 2230 de
1299 2180 1385 2254 pro·
1493 2230 1494 2239 χ

286 2255 521 2352 pugnaculis.
554 2255 641 2354 lpso
661 2266 833 2354 tempore
853 2256 1102 2329 Wertizlavus
1121 2257 1289 2354 graviter
1306 2256 1388 2328 vul·
1493 2268 1494 2301 ³

284 2366 440 2429 neratus
467 2366 526 2430 est
549 2358 596 2430 de
615 2356 765 2455 sagitta.
809 2356 982 2443 Quadam
1001 2377 1091 2430 vero
1119 2358 1178 2433 die
1196 2357 1385 2458 perlatum
1493 2400 1494 2417 .

284 2470 345 2533 est
362 2462 409 2533 ad
427 2462 578 2555 ducem,
596 2461 696 2555 quod
714 2458 944 2532 Pribizlavus
967 2483 1053 2532 cum
1072 2470 1194 2533 turma
1215 2459 1385 2558 equitum

207 2627 210 2633 .
236 2583 240 2589 ·
284 2560 500 2658 apparuerit
519 2582 595 2631 non
618 2559 732 2655 longe
752 2584 773 2631 a
794 2560 939 2634 castris.
985 2561 1039 2634 Ad
1059 2585 1173 2659 quem
1192 2559 1386 2658 requiren-

282 2663 373 2733 dum
398 2659 608 2734 transmisit
625 2659 800 2733 Adollam
828 2660 1006 2733 comitem
1035 2685 1121 2735 cum
1141 2661 1263 2736 electa
1280 2661 1385 2734 inve·
1492 2739 1493 2742 ,

156 2835 159 2840 ,
282 2785 374 2834 num
394 2785 522 2857 manu,
541 2760 603 2858 qui
622 2771 700 2833 tota
719 2761 779 2833 die
797 2760 956 2859 paludes
976 2772 1015 2835 et
1031 2787 1188 2836 nemora
1207 2766 1385 2836 oberran-
1492 2813 1493 2836 t

281 2873 341 2937 tes
360 2861 553 2936 neminem
572 2861 812 2957 invenerunt,
832 2862 953 2936 delusi
968 2865 1172 2960 adnotare,
1191 2863 1252 2961 qui
1267 2861 1386 2936 maio·

280 2987 364 3037 rem
387 2962 488 3036 hosti
508 2987 622 3061 quam
644 2962 873 3036 nostratibus
888 2964 1057 3036 favorem
1074 2966 1385 3038 accommodave-

282 3074 350 3138 rat.
386 3065 615 3162 Preccperat
637 3074 768 3136 autem
794 3064 867 3136 dux
894 3065 1190 3162 pabulatoribus,
1216 3087 1265 3137 ne
1293 3088 1383 3162 quo-

251 3199 255 3204 *
282 3189 397 3262 qnam
416 3165 562 3236 exirent
581 3187 627 3236 eo
647 3163 719 3260 die,
739 3187 787 3236 ne
810 3165 907 3238 forte
929 3165 967 3236 in
989 3165 1142 3239 hostem
1161 3163 1383 3238 inciderent.
1491 3253 1492 3268 χ

282 3269 329 3339 At
341 3266 584 3339 Holzaturum
604 3263 770 3363 quidam,
786 3275 827 3337 ut
840 3275 930 3338 sunt
949 3265 1130 3340 cervicosi
1141 3264 1168 3362 ¹,
1186 3289 1262 3338 non
1277 3287 1383 3338 eura-

281 3376 417 3441 verunt
442 3369 489 3441 de
516 3367 709 3462 mandato,
735 3374 774 3438 et
799 3365 946 3463 egressi
971 3378 1060 3440 sunt
1084 3369 1130 3440 ad
1149 3367 1383 3439 frumentan-

281 3471 385 3566 dum,
413 3478 450 3541 et
474 3465 750 3565 superveniens
770 3465 1000 3540 Pribizlavus
1028 3478 1066 3540 et
1089 3465 1237 3541 irruens
1265 3491 1384 3565 super

280 3570 466 3666 incautos,
491 3567 696 3667 prostravit
719 3591 767 3640 ex
794 3566 850 3640 eis
869 3570 916 3640 ad
934 3577 1088 3640 centurn
1107 3567 1223 3665 viros,
1248 3567 1383 3666 reliqui
1490 3613 1491 3622 .

279 3673 459 3769 fugerunt
475 3669 513 3742 in
534 3678 670 3742 castra.
701 3667 942 3767 Quapropter
959 3670 1033 3742 dux
1051 3667 1106 3741 ira
1122 3668 1263 3742 acriter
1277 3667 1383 3742 insti-
1490 3679 1491 3764 l

280 3774 459 3870 mulabus,
473 3771 682 3845 ferventius
698 3779 811 3865 urget
827 3768 1076 3864 obsidionem,
1092 3768 1246 3868 iamque
1260 3768 1383 3842 muni·
1490 3769 1491 3799 l

279 3885 409 3948 menta
441 3871 595 3946 claustri
625 3879 809 3968 ceperunt
834 3870 1021 3969 trepidare
1049 3869 1188 3942 minaci
1210 3869 1317 3944 ruina
1344 3879 1385 3942 et

279 3974 573 4050 suffossionibus
603 3970 725 4045 dilabi.
775 3969 879 4044 Tunc
903 3969 1153 4046 Wertizlavus
1181 3970 1284 4044 omni
1311 3993 1384 4069 spe

279 4076 425 4150 meliori
451 4073 637 4173 deposita,
662 4082 818 4170 accepto
847 4074 1046 4170 conductu,
1070 4069 1174 4146 venit
1196 4071 1235 4144 in
1255 4081 1380 4144 castra
1489 4113 1490 4158 3

278 4181 325 4250 ad
353 4177 530 4250 comitem
549 4173 736 4270 Adollam,
764 4183 804 4245 ut
821 4173 1012 4274 acciperet
1038 4176 1084 4246 ab
1104 4197 1149 4246 eo
1169 4172 1382 4246 consilinm.
1489 4171 1490 4257 l

279 4295 306 4367 1)
325 4295 360 4351 cl.
379 4313 402 4351 c.
423 4295 473 4351 b'l:
490 4311 557 4366 qens
577 4298 645 4349 enim
663 4293 748 4348 libero
767 4297 794 4346 et
812 4296 957 4347 cervicosa.
