3000 4900
291 447 341 520 50
392 441 637 516 HELMOLDl
657 439 897 515 CHRONlCA
917 438 1186 512 statutum
1214 437 1300 510 LlB.
1318 437 1344 510 l.

292 647 325 700 ab
347 604 551 714 archiepiscopo
569 657 625 696 non
649 640 735 696 multo
757 648 819 710 post
843 641 873 692 in
898 638 1032 693 sclaviam
1060 639 1157 693 missus
1183 645 1223 691 est
1244 639 1278 690 ad
1299 634 1400 690 Goda-

292 717 421 781 soalcum,
442 716 515 786 apud
534 732 614 786 quem
636 723 825 777 commoratus,
844 713 898 766 illis
918 713 1014 766 diebus
1034 712 1116 766 multa
1136 711 1209 765 milia
1229 727 1397 781 paganorum

292 790 441 862 baptizasse
461 785 714 841 describitur1.

368 864 444 937 Pax
470 861 578 934 lirma
607 861 674 932 luit
700 860 737 932 in
763 857 866 931 omni
890 881 1024 955 regno,
1052 857 1139 955 quia
1165 854 1396 929 fortissimus

295 987 405 1037 cesar
418 963 615 1036 Heinricus
629 955 820 1057 Ungaros,
836 959 1015 1056 Boem0S,
1034 957 1191 1032 Sclavos
1212 967 1249 1030 et
1268 957 1395 1029 omnia

295 1064 448 1137 finitima
468 1087 588 1160 regna
606 1061 748 1156 potenti
768 1083 883 1132 manu
904 1068 1133 1133 coercuerat.
1171 1058 1254 1146 Quo
1273 1069 1398 1130 trans·

204 1166 379 1240 1056·lato.
398 1166 443 1237 ad
474 1186 653 1262 superos,
688 1160 875 1234 successit
901 1159 937 1231 iu
965 1170 1159 1258 sceptrum
1184 1157 1284 1232 filius
1312 1159 1395 1232 eius

185 1244 513 1361 ⁰⁰‘·⁵·Heinricus,
549 1287 644 1362 puer
669 1272 754 1334 octo
781 1259 1003 1333 annorum2.
1054 1259 1263 1358 Statimque
1293 1259 1397 1332 ebul-

294 1366 432 1438 lierunt
450 1363 753 1462 perturbationes
773 1361 877 1434 varie
896 1362 933 1433 in
952 1385 1086 1458 regno,
1114 1385 1160 1434 eo
1180 1363 1276 1457 quod
1297 1359 1398 1458 prin-

296 1467 413 1564 cipeS,
442 1466 502 1563 qui
530 1463 791 1537 contentiones
811 1462 1052 1558 affectabant,
1081 1471 1399 1559 contempnerent

294 1565 489 1639 infantiam
515 1565 628 1661 regis
679 1565 724 1637 Et
748 1563 912 1637 surrexit
929 1562 1189 1661 unusquisque
1210 1565 1396 1635 adversus

293 1665 506 1765 proximum
526 1689 651 1757 suum,
675 1674 712 1737 et
730 1663 975 1761 multiplicata
995 1670 1083 1736 sunt
1102 1664 1200 1735 mala
1221 1663 1336 1735 multa
1356 1661 1396 1734 in

295 1779 395 1839 terra
406 1763 434 1860 ³,
456 1765 759 1862 depredationes,
778 1764 948 1837 incendia
970 1773 1008 1836 et
1025 1774 1168 1836 mortes
1187 1763 1396 1836 hominum.

295 1865 381 1920 Post
399 1882 466 1918 non
486 1865 628 1919 multum
649 1883 715 1934 quo
748 1882 788 1920 ue
807 1863 975 1935 temporis
995 1874 1150 1918 mortuus
1170 1874 1221 1917 est
1240 1861 1397 1918 Bernardus

294 1941 349 1994 dux
369 1936 504 1992 Saxonum
516 1945 537 2000 ⁴,
562 1938 607 2008 qui
634 1955 676 1992 res
696 1883 854 1992 Sdarorum
875 1946 903 1991 ct
921 1934 1088 1991 Saxonum
1115 1936 1292 2007 quadraginta
1318 1935 1397 1990 anuis

296 2022 425 2066 strennue
441 2010 642 2066 administrarit.
664 2009 747 2065 Cuius
765 2010 941 2065 hereditatem
956 2007 1088 2063 Ordullns
1105 2008 1330 2065 ctHeremannus
1346 2009 1397 2062 tilii

296 2101 758 2172 elusintersepartitisunt⁵.
796 2086 841 2158 El
859 2083 1008 2181 qttldem
1025 2085 1202 2159 Ordullus
1217 2087 1397 2158 ducatum
1490 2156 1491 2161 ,

297 2183 465 2283 suscepit
492 2186 800 2280 grabernandum,
836 2185 923 2257 licet
953 2184 1168 2257 fortitudine
1200 2196 1238 2258 et
1264 2183 1396 2258 militie

296 2309 366 2362 usu
395 2287 508 2381 longe
535 2308 555 2355 a
584 2283 761 2356 felicitate
789 2296 946 2383 paterna
972 2285 1174 2359 diverterit.
1223 2285 1395 2383 Denique

296 2393 572 2485 postmortem
600 2383 717 2483 patris
740 2384 802 2459 vix
831 2384 1017 2485 quinque⁰
1046 2388 1275 2461 transierunt
1294 2385 1397 2482 anni,

242 2542 245 2545 -
297 2487 422 2561 statim
442 2486 565 2560 Sclavi
585 2486 769 2560 rebellare
787 2498 967 2585 parantes
986 2486 1108 2586 primo
1135 2488 1303 2561 otnnium
1323 2488 1397 2560 Go-

297 2588 513 2663 tlescttlctlttt
533 2587 836 2661 interfecerunffl.
875 2603 930 2660 131⁸
951 2606 1060 2677 quidem
1077 2606 1116 2660 ris
1132 2608 1205 2660 omni
1221 2624 1271 2661 evo
1287 2623 1399 2659 memo-

296 2686 390 2741 rabilis
410 2695 556 2757 propter
575 2687 680 2740 fidem
701 2685 771 2741 Deo
791 2695 816 2741 et
835 2688 1058 2758 principibus
1082 2687 1273 2742 exhibitam
1293 2705 1308 2741 a
1328 2688 1398 2740 bar-

297 2760 370 2813 baris
388 2760 493 2813 occisus
512 2768 566 2823 εει,
595 2776 662 2830 quos
683 2761 740 2829 ipse
760 2760 897 2814 nitebatur
915 2762 947 2814 ad
968 2760 1047 2814 tidem
1068 2770 1236 2815 convertere.
1273 2758 1397 2815 Necdum

297 2835 368 2887 enim
388 2831 520 2903 complete
540 2840 603 2885 sunt
621 2832 778 2903 iniquitates
797 2833 1007 2897 Amerinorum,
1025 2850 1076 2887 nec
1091 2835 1165 2888 venit
1184 2843 1290 2905 tempus
1310 2833 1400 2887 mise-

295 2906 375 2961 rendi
395 2922 502 2963 eorunm
531 2905 592 2958 ideo
613 2921 722 2959 necesso
741 2906 801 2970 fuit,
821 2916 850 2959 ut
870 2906 991 2960 venirent
1010 2905 1151 2971 scandala,
1171 2916 1202 2961 ut
1219 2906 1324 2978 probati
1343 2907 1401 2960 lie-

296 2988 358 3034 rent
377 2978 521 3033 manilesti.
550 2976 648 3031 Passus
668 2987 710 3033 est
729 2988 817 3033 autem
838 2979 905 3033 alter
922 2979 970 3032 ille
988 2978 1155 3034 Macbabeus
1174 2980 1202 3032 in
1218 2981 1286 3034 urbe
1302 2979 1400 3033 Leon-

298 3053 350 3117 tio,
377 3070 430 3122 que
455 3050 508 3105 alio
527 3052 638 3105 nomine
658 3049 758 3105 Lenain
778 3052 890 3121 dicitur,
917 3052 942 3107 7.
963 3051 1028 3105 ldus
1047 3052 1132 3116 lunii,
1159 3054 1400 3124 compresbytero

297 3124 418 3196 Epponc,
439 3124 485 3196 qui
500 3141 582 3193 super
594 3124 678 3177 altare
694 3124 848 3179 immolatus
864 3135 913 3188 εει,
930 3134 956 3179 ει
971 3125 1031 3179 aliis
1048 3126 1139 3179 multis
1155 3135 1209 3179 tam
1225 3126 1302 3180 laicis
1315 3142 1398 3197 quam

297 3197 412 3260 clericis,
432 3196 479 3268 qui
498 3196 602 3250 diversa
622 3214 671 3266 pro
691 3194 799 3251 Christo
817 3199 987 3268 pertulerunt
1005 3195 1145 3270 supplicia.
1177 3199 1315 3253 Ansverus
1333 3216 1399 3252 mo-

297 3270 399 3324 nachus
420 3278 445 3323 et
465 3285 525 3321 cum
546 3286 578 3323 eo
598 3268 644 3322 alii
663 3274 734 3340 apud
750 3269 908 3343 Recesburg
924 3272 1034 3341 lapidati
1050 3282 1121 3326 sunt.
1151 3269 1215 3332 ldus
1233 3271 1293 3325 lulii
1309 3272 1399 3340 passio

298 3360 392 3396 corum
412 3344 538 3396 occurrit.
576 3340 670 3397 Fertur
689 3343 761 3397 idem
781 3345 934 3408 Ansrerus,
962 3361 1023 3398 cunt
1048 3348 1082 3398 ad
1103 3346 1254 3414 passionem
1274 3344 1401 3408 venisset,

298 3416 431 3485 llagitasse
450 3428 577 3485 paganos,
601 3424 631 3470 ut
649 3415 722 3486 prius
742 3418 818 3481 socii,
838 3434 906 3489 quos
927 3416 1041 3472 timebat
1060 3419 1183 3481 delicere,
1203 3417 1399 3489 lapidarentur.

298 3485 404 3552 Quibus
422 3488 566 3550 coronatis,
584 3488 642 3557 ipse
661 3486 781 3560 gaudens
801 3508 862 3544 cum
882 3489 1020 3561 Stephano
1039 3508 1125 3562 genua
1146 3491 1244 3561 posuit.

375 3562 433 3636 23.
468 3561 600 3634 Passio
617 3565 739 3635 suncti
756 3563 930 3637 lobannis
949 3567 1117 3659 episcopi.
1181 3580 1315 3636 tonantes
1334 3580 1401 3652 epi-

297 3678 394 3733 scopus
414 3677 493 3714 senex
512 3679 572 3714 cum
594 3662 690 3717 ceteris
709 3662 862 3718 christianis
887 3665 915 3717 in
934 3662 1107 3736 Magnopoli,
1122 3663 1167 3717 ·id
1193 3674 1247 3719 eat
1273 3664 1305 3717 ia
1327 3661 1399 3717 Μί-

298 3734 506 3804 ltelenburg,
535 3745 628 3805 captus
648 3737 806 3791 serrabatur
824 3738 857 3791 ad
878 3737 1051 3809 triumphum.
1090 3736 1140 3791 llle
1158 3736 1240 3808 igitur
1259 3754 1308 3809 pro
1328 3753 1401 3791 con·

299 3851 324 3922 1)
351 3852 375 3906 Ε
397 3853 489 3923 quibua
509 3882 544 3893 -
565 3854 721 3909 describitur
745 3872 778 3908 ex
803 3854 902 3911 Adami
922 3858 940 3913 l.
960 3856 1009 3913 lll.
1030 3874 1053 3912 c.
1072 3856 1109 3908 20
1134 3874 1195 3911 cum
1222 3856 1326 3910 scholio
1349 3855 1398 3911 81.

296 3924 324 3992 9)
344 3930 403 3981 octo
422 3941 550 3981 annorum
571 3944 603 3979 er
621 3925 721 3982 Annal.
742 3926 771 3985 S.
793 3927 917 3983 llisibodi
937 3948 961 3986 a.
984 3930 1054 3983 1106
1075 3930 1120 3983 tin.
1181 3929 1208 3997 3)
1227 3932 1399 4000 multiplicata

296 4014 320 4051 a.
345 4014 381 4052 aa.
406 4001 424 4053 ε’.
451 4004 540 4069 terra,
569 3996 689 4055 Maccab.
712 3999 758 4067 Vl,
780 4000 804 4064 1,
827 4002 868 4059 to.
971 4002 998 4074 4)
1025 4001 1102 4057 Obiit
1126 4020 1149 4057 a.
1171 4002 1252 4057 1059.
1272 4002 1331 4059 lun.
1349 4002 1399 4058 29.

297 4071 324 4138 5)
343 4071 499 4127 Bernartius
515 4101 547 4123 -,
563 4076 657 4140 portati
675 4090 708 4127 ex
726 4072 823 4128 Adami
844 4077 862 4130 l.
882 4074 930 4133 lll.
951 4094 974 4131 c.
991 4075 1035 4131 49.
1099 4075 1126 4147 6)
1146 4080 1267 4147 quiaque.
1287 4074 1399 4131 Rectius

297 4154 389 4197 noster
415 4144 537 4198 dixisset:
565 4151 672 4215 septam.
766 4148 793 4216 7)
818 4167 856 4203 sc.
885 4166 910 4205 a.
939 4149 1018 4203 11166.
1046 4147 1106 4203 lun.
1127 4148 1152 4206 7.
1189 4147 1222 4203 V.
1242 4146 1398 4203 Wedeltind

297 4213 385 4270 Noten
405 4215 426 4270 l.
446 4236 473 4289 p.
496 4215 545 4271 181
568 4235 600 4271 ει
619 4217 814 4291 blartyrologio
834 4220 959 4277 Usuardi.
1052 4220 1080 4292 8)
1099 4218 1177 4287 Quae
1196 4231 1346 4295 sequuntur
1365 4239 1399 4277 ox

296 4287 394 4343 Adami
414 4290 431 4345 1.
452 4289 499 4344 ttt.
520 4308 543 4345 c.
562 4290 609 4347 49.
627 4292 721 4364 ibique
740 4292 843 4351 scholio
862 4294 908 4351 86.
928 4297 1085 4366 deprompta
1105 4303 1175 4348 aunt.
