3000 4900
156 457 402 532 Httuotot
420 457 663 532 CHRONlCA
680 455 948 531 SLAVORUM.
974 455 1061 529 [ΑΒ.
1077 457 1104 529 l.
1158 459 1229 530 137

130 661 193 756 qui
215 661 367 746 fuerant
377 660 587 754 principum
605 656 766 730 domuit
806 655 891 731 Non
909 655 1011 730 dccet
1025 664 1155 730 etatem
1172 679 1228 730 oe·

131 765 260 854 strarm
284 759 484 832 honestatis
507 757 640 831 decore
664 765 868 853 maturam,
899 765 942 832 ut
961 781 1029 852 per
1055 781 1120 831 uos
1141 759 1230 831 inci·

126 862 237 954 piant
255 859 450 932 abusiones
473 861 553 948 fieri
576 861 614 932 in
638 857 750 932 domo
772 857 930 932 Domini.
972 859 1093 954 Lonpe
1116 862 1185 947 fiat
1204 881 1229 930 a

131 959 234 1032 vobis
250 959 399 1032 verbnm
415 957 524 1032 istud.
567 959 675 1049 (laod
691 963 724 1031 si
740 961 851 1046 furor
862 961 1042 1054 principis
1058 982 1146 1055 erpa
1163 981 1230 1032 uos

132 1063 345 1152 effrenatius
363 1063 483 1157 sperit,
507 1083 627 1134 nonne
641 1064 761 1133 sabas
778 1068 833 1134 est
850 1061 949 1146 ferre
965 1063 1149 1133 iacturam
1167 1059 1229 1132 bo·

114 1183 264 1236 ‘norum
288 1183 399 1256 quam
419 1161 595 1234 nouerat
636 1159 828 1256 luserant,
854 1163 888 1232 si
912 1159 1031 1256 uelint,
1056 1159 1229 1256 decimas,

131 1258 334 1334 obcludant
348 1261 451 1334 uobis
468 1264 667 1356 introitum,
684 1265 718 1334 si
737 1261 873 1356 placet,
889 1261 1086 1354 parrochie
1102 1267 1227 1357 cestre,

132 1359 344 1434 tolerabilis·
356 1365 426 1434 erit
448 1365 520 1435 ista
538 1361 715 1434 molestia.
752 1361 904 1434 Habetis
922 1369 1017 1434 certe
1033 1359 1229 1435 Falderen-

131 1485 208 1534 sera
233 1461 395 1557 domum,
421 1465 458 1536 in
482 1487 556 1560 qua
582 1469 661 1536 tuta
686 1465 830 1536 interim
851 1466 1010 1536 statione
1035 1458 1230 1535 consistere

127 1565 279 1656 possitis
296 1569 332 1634 et
341 1562 542 1657 prestolari
559 1587 642 1636 cum
654 1563 797 1637 silentio
814 1562 980 1637 salutare
991 1562 1069 1636 Dei.
1094 1562 1175 1636 Hiis
1192 1573 1231 1635 et

80 1735 83 1741 .
133 1662 346 1737 huiusmodi
377 1664 501 1738 verbis
526 1674 746 1738 averterunt
777 1688 886 1760 eum,
921 1688 970 1738 ne
996 1666 1230 1738 voluntatem

132 1763 238 1839 ducis
258 1764 491 1862 adimpleret.
527 1765 725 1838 Parturivit
744 1789 838 1838 sane
857 1765 1055 1863 persuasio
1075 1767 1148 1838 hec
1166 1789 1233 1837 no·

133 1864 231 1937 velle
249 1864 471 1962 plantationi
490 1866 684 1964 multiplex
697 1865 1021 1964 impedimentum.
1046 1865 1230 1954 Quotiens

133 1964 234 2038 enim
255 1965 420 2062 pontifex
434 1977 567 2041 noster
587 1970 722 2040 ducem
737 1966 826 2040 adiit
840 1966 1146 2064 interpellaturus
1161 1990 1230 2064 pro

132 2065 296 2163 negotiis
324 2067 500 2163 ecclesie,
525 2067 587 2140 ille
609 2069 843 2164 separatum
864 2091 952 2140 esse
971 2066 1167 2165 respondit
1184 2069 1231 2139 ad

133 2165 772 2265 omnia7'q11epoposcissetntilitas,
784 2168 815 2240 si
830 2167 990 2266 primum
1003 2167 1072 2241 sibi
1083 2167 1230 2241 debitus

132 2265 254 2339 honor
268 2267 452 2341 exhibitus
463 2268 612 2363 fuisset„
626 2269 790 2366 alioquin
806 2269 946 2342 frustra
965 2279 1094 2341 contra
1114 2268 1232 2365 impe·

131 2376 213 2440 tum
227 2364 393 2441 fluminis
412 2367 466 2442 iri.
495 2369 663 2443 Pontifex
683 2379 811 2442 autem
831 2368 982 2442 humilis
1001 2369 1110 2442 facile
1130 2367 1232 2441 incli-

133 2478 245 2541 natus
263 2469 414 2565 fuisset⁷
439 2481 479 2543 ut
497 2482 651 2570 propter
672 2471 818 2543 lucrum
839 2470 1002 2543 ecclesie
1020 2468 1105 2543 duci
1124 2493 1233 2543 secu-

132 2568 222 2642 laris
237 2570 390 2643 honoris
406 2570 540 2669 cupido
555 2596 702 2645 morem
716 2570 919 2667 gessisset⁷
933 2570 965 2644 si
981 2570 1233 2669 archiepisco-

133 2693 204 2765 pus
224 2678 263 2741 et
281 2670 394 2743 ceteri
414 2672 679 2745 Bremensium
703 2696 777 2744 non
797 2672 1043 2765 obstitissent.
1078 2672 1174 2744 Nam
1194 2680 1233 2744 et

130 2768 205 2868 ipsi
232 2770 429 2868 vaniglorii
455 2782 569 2870 atque
596 2772 731 2846 divitiis
758 2772 883 2847 adulte
911 2772 1074 2845 ecclesie
1100 2772 1232 2867 saturi,

133 2870 268 2943 honori
304 2894 374 2945 suo
410 2874 483 2945 hoc
518 2873 556 2945 in
590 2874 690 2947 facto
713 2873 889 2971 derogari
926 2877 1123 2971 putabant,
1160 2895 1232 2943 nec

132 2994 367 3069 magnopere
386 2973 563 3067 fructum,
588 2976 656 3047 sed
681 2998 881 3050 numerum
901 2973 1232 3070 suffraganearum

132 3072 279 3146 sedium
312 3078 503 3148 cumbant.
546 3075 654 3163 Quod
681 3076 741 3149 vel
765 3074 802 3147 in
826 3074 900 3149 hoo
917 3074 1082 3149 maxime
1100 3074 1234 3174 patuit⁷

132 3172 221 3271 quia
245 3172 284 3245 in
311 3176 618 3272 possessionibus
651 3176 888 3250 Falderensis
916 3176 1079 3250 ecclesie
1112 3174 1234 3249 archi·

133 3272 337 3372 episcopus
364 3276 501 3349 multas
522 3276 701 3374 episcopo
719 3288 848 3351 nostro
867 3278 957 3350 iecit
974 3276 1143 3373 iniurias,
1170 3279 1233 3349 de-

132 3397 244 3447 mens
272 3387 311 3447 et
336 3378 554 3451 convellens
584 3378 726 3475 aliqua,
761 3400 832 3450 nec
858 3388 979 3451 tutum
1006 3400 1232 3476 permanere

133 3474 265 3549 sinens
285 3475 321 3547 in
340 3480 515 3576 statione,
543 3502 657 3576 quam
675 3477 758 3576 ipse
774 3478 807 3551 ei
828 3481 1083 3577 deputaverat.
1126 3478 1234 3551 Vide·

132 3599 197 3649 res
215 3575 329 3672 igitur
346 3577 467 3651 virum
486 3588 597 3653 antea
618 3578 746 3677 magni
765 3578 943 3677 nominis,
966 3602 1232 3678 possessorem

131 3676 315 3751 libertatis
331 3689 369 3750 et
386 3689 601 3778 compotem
613 3678 765 3775 suimet,
783 3690 1077 3781 postacceptum
1088 3679 1235 3778 episco-

130 3776 220 3875 pale
234 3801 388 3875 nomem
407 3780 515 3879 quasi
536 3783 756 3854 innodatum
770 3781 930 3855 vinculis
952 3780 1176 3879 quibusdam
1194 3789 1235 3852 et

132 3878 344 3976 supplicem
370 3882 550 3954 omnium.
594 3881 716 3955 Homo
744 3881 844 3955 enim
871 3882 976 3980 pacis
995 3904 1078 3978 sue,
1102 3879 1138 3953 in
1159 3904 1234 3979 qno

133 3979 301 4075 speravit
311 3978 339 4076 ¹,
363 3982 496 4055 avertit
515 4007 601 4056 eum
621 3981 721 4055 avia
739 3982 886 4057 consilii
904 3993 943 4057 et
959 3981 1078 4082 pacis,
1095 4006 1145 4054 ne
1163 3981 1239 4069 scis,
1294 4048 1295 4051 ,
1379 4030 1382 4033 -

128 4078 221 4152 licet
238 4081 492 4179 applicaretur
510 4083 595 4181 hiis,
614 4106 684 4181 per
702 4106 797 4181 quos
817 4084 979 4158 ecclesie
999 4081 1234 4156 fructificatio

131 4180 318 4276 pullulare
337 4194 480 4281 posset.

132 4296 160 4369 1)
178 4314 217 4353 sc.
237 4298 463 4372 archiepiscopus.
