3000 4900
288 476 359 549 166
411 471 656 546 HELMOLDI
675 472 916 573 CHRONICA
935 472 1203 548 SLAVORUM.
1231 472 1316 547 LiB.
1333 475 1357 547 Ι.

288 674 390 747 enim
406 683 487 747 erat
500 671 623 747 inanis
643 683 681 746 et
698 677 828 747 vacua.
847 674 1098 746 -Redeuntem
1117 672 1232 771 igitur
1249 676 1384 747 ducem

286 774 533 849 Bruneswich
545 784 769 873 prosecutus
788 783 847 847 est
862 773 1065 873 episcopus
1083 773 1285 847 etmansit
1277 778 1385 893 apud
1494 844 1495 847 ,

288 900 375 949 eum
404 875 535 949 diebus
563 874 702 948 multis.
746 874 919 972 Dixitque
944 876 990 947 ad
1009 877 1164 949 ducem:
1199 875 1323 948 Ecce
1310 899 1386 947 ium

281 982 357 1049 toto
383 1000 482 1048 uano
509 978 548 1047 iu
573 978 678 1047 eurio
705 980 826 1047 uestro
844 981 980 1051 sumet
995 977 1048 1047 sic
1065 974 1168 1047 oobis
1186 978 1297 1047 oneri.
1335 976 1383 1049 Iu

287 1076 476 1173 Wapirom
492 1099 635 1174 quoque
651 1078 795 1149 veniens
812 1099 886 1148 uon
900 1074 1016 1147 babeo
1035 1075 1136 1172 quod
1153 1074 1381 1149 manducem.
1494 1116 1495 1159 3

282 1177 356 1249 Cur
370 1179 481 1273 ipitur
497 1179 724 1269 imposuistis
740 1176 829 1248 mibi
847 1198 940 1248 onus
958 1179 1115 1249 nominis
1132 1175 1241 1249 buius
1257 1175 1314 1249 oei
1327 1179 1383 1265 of·

280 1277 375 1365 licii?
411 1275 542 1349 Metius
558 1277 648 1348 mibi
663 1276 782 1349 mutto
800 1278 875 1362 fuit
889 1283 1001 1349 autea
1019 1299 1131 1373 quum
1152 1301 1259 1349 nuuc.
1303 1276 1381 1350 Hiis
1494 1276 1495 1353 ξ

280 1387 512 1475 provocatus
536 1381 609 1450 dux
629 1377 828 1451 accersivit
851 1378 1027 1450 comitem
1045 1378 1234 1475 adolfum,
1263 1392 1301 1450 et
1320 1378 1384 1449 ha·

280 1478 359 1551 buit
375 1477 562 1551 rationem
582 1501 667 1549 cum
688 1501 733 1550 eo
754 1481 800 1550 de
820 1476 998 1551 trecentis
1016 1478 1173 1574 mansis⁷
1193 1477 1254 1576 qui
1269 1478 1382 1551 oblati

279 1578 429 1651 fuerant
449 1577 488 1649 in
511 1580 638 1651 dotem
657 1578 851 1676 episcopii.
886 1578 991 1650 Tunc
1013 1579 1226 1675 designavit
1251 1602 1379 1652 comes

281 1678 461 1776 episcopo
476 1677 514 1750 in
529 1679 816 1776 possessionem
828 1679 963 1752 Uthine
979 1678 1206 1752 etGamaie¹
1221 1704 1306 1751 cum
1318 1703 1383 1777 ap·
1494 1760 1495 1769 ἵ

280 1778 464 1876 pendiciis
485 1803 627 1852 eorum.
667 1779 829 1876 Insuper
847 1778 977 1878 predio
992 1782 1090 1877 quod
1110 1779 1382 1853 diciturssuzoe
1494 1788 1495 1791 ’

280 1878 416 1952 adiecit
435 1882 529 1954 duas
554 1880 676 1976 villas,
702 1880 957 1952 Gothesveide
977 1890 1014 1953 et
1032 1880 1184 1954 Wubize
1195 1879 1219 1952 ².
1262 1881 1303 1953 In
1322 1881 1382 1952 Al·
1494 1892 1495 1907 *

280 1982 451 2077 denburg
478 2005 627 2080 quoque
655 1980 756 2054 dedit
775 1979 809 2053 ei
828 1980 999 2078 predium
1026 1981 1119 2053 satis
1139 1984 1382 2053 commodum

280 2091 318 2153 et
337 2081 515 2153 adiacens
535 2081 627 2154 foro.
662 2082 708 2154 Et
725 2080 777 2153 ait
796 2104 944 2153 comes:
977 2080 1055 2153 Eut
1071 2080 1228 2154 domnus
1245 2083 1382 2175 cpisco·
1494 2090 1495 2145 t

272 2183 407 2274 pusio
431 2180 618 2275 Wupirom
637 2187 673 2253 et
696 2180 868 2253 adhibitis
894 2183 982 2253 viris
1007 2180 1196 2253 industriis
1214 2184 1380 2254 estimari
1406 2192 1410 2201 '

278 2283 402 2367 faciut
414 2280 546 2375 predio
570 2281 655 2375 dec‚·
683 2280 783 2377 quod
807 2279 965 2367 defuerit
982 2280 1026 2353 de
1044 2284 1211 2354 trecentis
1230 2284 1379 2377 mansis,
1494 2290 1495 2359 i

279 2405 345 2478 epo
363 2380 536 2476 supplebo
546 2410 561 2477 5
586 2379 686 2479 quob
703 2383 938 2478 superfuerit,
965 2404 1084 2455 meum
1103 2384 1178 2456 crit.
1215 2383 1380 2456 Veniens
1494 2376 1495 2423 ³

277 2482 392 2579 igitur
410 2483 613 2582 episcopus
632 2483 722 2557 vidit
740 2482 1042 2581 possessionem,
1067 2494 1104 2556 et
1121 2483 1246 2556 habita
1261 2483 1382 2582 inqui-

280 2582 415 2657 sitione
431 2607 516 2655 cum
532 2582 688 2678 colonis,
708 2582 958 2680 deprehendit
975 2583 1103 2680 predia
1122 2585 1195 2656 hec
1214 2584 1275 2656 vix
1294 2595 1381 2656 'cen-

278 2693 358 2755 tum
390 2708 545 2756 mansos
584 2683 787 2756 continere.
841 2683 1096 2771 Quamobrem
1130 2707 1259 2758 comes
1279 2685 1381 2758 fecit

279 2784 492 2857 mensurari
519 2795 659 2857 terram
686 2784 848 2857 funiculo
875 2785 977 2856 brevi
1007 2795 1044 2856 et
1070 2785 1299 2858 nostratibus
1324 2787 1379 2857 in-

278 2883 1381 2984 cognito,pretereapaludesetnemoraiunicnlo³mensus
1494 2911 1495 2918 ¹

279 2996 348 3058 est.
390 2987 436 3059 Et
454 2985 542 3058 fecit
560 2986 766 3058 maximum
786 3008 963 3082 agrorum
985 3009 1197 3060 numerum.
1232 2987 1380 3060 Periata

277 3085 391 3182 igitur
405 3109 520 3158 causa
540 3090 585 3158 ad
605 3088 753 3181 ducem,
773 3085 996 3158 adiudicavit
1013 3089 1087 3159 dux
1106 3089 1285 3185 episcopo
1300 3087 1380 3160 dari

279 3209 500 3258 mensuram
520 3187 619 3258 iuxta
640 3210 786 3258 morem
806 3197 905 3259 terre
923 3185 1049 3283 huius,
1066 3211 1137 3259 nec
1156 3211 1380 3262 mensuran-

278 3289 345 3359 das
372 3286 530 3384 paludes
562 3297 625 3358 aut
653 3287 769 3360 silvas
797 3287 1039 3360 robustiores.
1081 3288 1237 3361 Multum
1266 3288 1381 3385 igitur

277 3386 417 3460 laboris
432 3387 636 3460 adhibitum
654 3398 712 3460 est
726 3387 1014 3485 in‘requirendis
1030 3388 1169 3486 prediis
1185 3389 1268 3462 hiis.
1296 3389 1378 3461 Non

278 3511 348 3586 per
366 3490 500 3561 ducem
517 3498 582 3560 aut
596 3488 819 3586 episcopum
834 3488 971 3586 requiri
987 3500 1190 3586 potuerunt
1205 3514 1325 3587 usque
1340 3493 1376 3563 in

226 3614 228 3618 ·
279 3587 502 3661 hodiernum
522 3588 633 3661 diem

353 3691 433 3763 Hec
460 3699 606 3784 autem,
643 3713 715 3803 que
749 3688 913 3802 predixi
945 3689 1170 3787 conquisivit
1192 3641 1378 3764 Geroldus

279 3789 504 3889 episcopus,
535 3791 670 3863 cotidie
697 3789 878 3863 insistens
910 3790 1138 3888 principibus
1166 3802 1379 3888 opportune

241 3910 244 3919 ·
278 3890 507 3990 importune,
526 3901 566 3963 ut
579 3891 826 3964 suscitaretur
841 3890 999 3963 scintilla
1018 3891 1243 3989 episcopalis
1260 3891 1379 3965 nomi-

278 3990 337 4064 nis
354 3992 390 4065 in
401 3993 564 4090 Wagira
589 3993 635 4064 Et
649 3990 1034 4065 edificavitcivitatem
1047 4003 1084 4064 et
1095 3992 1377 4091 forumUthine,

273 4108 305 4176 ’1)
326 4107 477 4164 Gamales.
495 4108 640 4164 Gummaiu
657 4111 729 4163 iuxta
749 4109 838 4164 lecum
859 4118 886 4164 et
904 4109 931 4163 iu
952 4109 1093 4182 parrochia
1109 4108 1191 4164 Eutin
1211 4120 1377 4165 memoratur

278 4183 306 4235 iu
326 4182 494 4236 documentis
512 4183 643 4237 ccclesiae
656 4182 820 4239 Lubeceusis
840 4185 873 4236 ab
895 4200 964 4238 anno
983 4182 1053 4236 1163
1068 4201 1153 4256 usque
1169 4185 1202 4236 ud
1219 4201 1290 4238 saec.
1299 4183 1375 4238 xvi.

277 4255 305 4325 2)
324 4254 404 4309 hodie
424 4254 553 4309 Hutzield
572 4265 599 4310 et
617 4255 711 4326 Wbbs,
732 4273 804 4326 parr.
825 4253 924 4311 Busan.
1008 4255 1035 4328 3)
1052 4255 1180 4327 funiculo,
1201 4274 1225 4310 v.
1246 4254 1377 4312 Sidonem

277 4329 312 4381 de
333 4326 498 4384 Viceiiuov.
520 4327 572 4382 129
592 4329 662 4383 inira
682 4347 741 4400 cap.
761 4327 806 4382 88.
