3000 4900
301 447 550 524 HELMOLDI
577 449 822 525 CHRONICA
847 447 1112 526 SLAVORUM.
1206 457 1246 528 11

161 648 323 724 duorum
347 651 479 726 borum
514 651 681 725 codicum
712 652 906 747 archetypo
931 652 1037 726 nobis
1055 655 1251 747 persuasit.

163 751 302 840 Quibus
318 752 410 826 locis
425 752 688 828 Boeclselianus
705 754 766 826 ille
791 752 907 826 codsa
923 756 1070 851 errarit,
1096 759 1132 826 et
1145 753 1252 827 Lubi-

162 875 303 925 censern
332 853 466 926 librum
494 856 781 948 manuscriptum
808 853 872 952 (2)
903 877 987 926 cum
1009 853 1251 927 Raeclseliano

156 951 371 1051 plerumque
384 953 528 1052 quidem
537 958 812 1029 consentientem
824 953 1074 1027 consuluimus
1087 961 1122 1027 et
1131 954 1253 1028 lectia-

161 1077 226 1128 acs
242 1057 369 1127 ramas
387 1079 431 1128 cc
448 1054 571 1128 codiee
587 1054 793 1128 Stettincusi
809 1055 872 1152 (3)
895 1078 920 1126 a
944 1055 1129 1150 Banperto
1147 1055 1253 1129 nobis

157 1155 359 1249 praebitas,
402 1156 597 1228 Praeterea
613 1156 792 1229 Rcineccii
815 1153 925 1228 editio
943 1155 1025 1249 (R.)
1051 1156 1157 1229 nobis
1179 1179 1254 1229 non

163 1261 247 1326 erat
256 1255 591 1352 praetermittenda,
606 1278 686 1329 cunr
697 1258 915 1350 praesertim
932 1279 976 1328 eu
992 1254 1255 1329 codicellistel·

163 1358 360 1428 meicriano
386 1356 448 1453 (4)
483 1355 748 1430 dedicationem
780 1355 884 1427 illam
908 1355 956 1427 ab
980 1355 1176 1428 Helmoldo
1201 1356 1254 1428 ad

158 1461 287 1549 patres
303 1455 516 1529 Labicenses
534 1455 709 1530 directam
730 1461 765 1529 et
784 1455 920 1530 multas
936 1455 1106 1529 lectiones
1123 1479 1149 1528 a
1166 1462 1254 1529 cete·

163 1559 217 1629 ris
240 1556 426 1630 codicibus
450 1558 696 1652 discrepantes
726 1557 917 1630 hausisset.
959 1555 1113 1628 Demum
1136 1562 1179 1629 ut
1202 1555 1254 1628 ad

158 1659 362 1750 perfectum
370 1660 650 1754 perveniremus,
659 1659 932 1753 Banpertianae
944 1656 1112 1730 editionis
1120 1657 1254 1731 doctis·

163 1760 278 1830 simae
299 1758 462 1832 lectionis
480 1761 692 1832 uarietatem
711 1757 913 1830 adiecimus
928 1756 996 1830 sub
1009 1756 1131 1831 littera
1143 1758 1185 1831 B.
1206 1799 1252 1814 -

163 1855 230 1930 Ed.
253 1862 437 1955 sipnificat
459 1859 633 1932 editiones
657 1860 832 1954 Banperti
854 1864 890 1931 et
911 1858 1100 1956 Reineccii,
1124 1858 1255 1956 quibus

163 1957 254 2030 Edd.
274 1963 381 2033 etiam
400 1958 700 2033 Scborlselianam
718 1959 910 2032 editionem
927 1956 1043 2031 addit.

192 2319 469 2432 HELMOLDI
500 2320 832 2406 PRESBYTERI
860 2321 1225 2405 Bosovlousls

194 2456 577 2585 CHRONICORUM
610 2456 947 2541 SCLAVORUM.
1009 2457 1164 2538 LIBER
1196 2458 1225 2539 Ι.

238 2668 454 2741 Reuerendis
479 2669 636 2743 dominis
655 2694 700 2742 ac
721 2670 892 2765 patribus
913 2674 1063 2742 sanctae
1080 2669 1257 2743 Lubecen·

162 2770 216 2841 sis
233 2768 404 2841 eeclesiae
430 2775 618 2844 canonicis
634 2769 868 2866 Helmoldus‚
900 2768 1071 2843 eeclesiae
1087 2794 1182 2866 quae
1204 2777 1259 2843 est

163 2871 202 2941 ia
218 2869 334 2963 Banu,
353 2871 524 2965 indipnus
540 2896 676 2968 servus,
692 2870 833 2944 debitae
851 2870 1075 2944 obedientiae
1088 2870 1256 2943 uolunta·

162 2972 260 3042 riam
278 2970 538 3044 exhibitionem.

238 3071 447 3144 Retractaoi
464 3076 500 3145 in
518 3072 630 3167 lonpa
647 3072 880 3145 meditatione
905 3069 994 3167 quid
1018 3073 1138 3165 operis
1155 3095 1257 3144 acce·
1375 3138 1378 3141 ⁴

160 3175 305 3264 ptarem
315 3170 341 3268 ¹,
359 3196 431 3269 quo
445 3176 557 3246 matri
573 3198 685 3269 meae,
700 3172 1055 3247 sunctaeLubecensi
1072 3171 1255 3267 ecclesiae,

166 3270 324 3367 aliquem
350 3273 555 3359 famulatus
581 3274 671 3346 mei²
702 3274 879 3347 bonorem
912 3272 1164 3369 impenderem
1192 3272 1258 3345 sed

164 3371 255 3443 nibil
271 3375 392 3465 aptius
407 3378 566 3447 occurrit
578 3378 714 3470 animo,
728 3399 839 3471 quam
858 3372 966 3445 ulad
984 3372 1132 3445 laudern
1143 3376 1258 3467 ipsius

164 3471 326 3543 scribam
343 3476 612 3548 conversionem
629 3474 820 3548 Sclavicae
835 3477 962 3570 pertis,
986 3497 1141 3569 quorum
1163 3473 1259 3546 seili-

166 3578 224 3645 cet
247 3596 372 3667 repam
397 3578 470 3647 sive
492 3575 795 3669 praedicatorum
822 3573 1025 3670 industria,
1057 3573 1259 3648 christiana

165 3672 293 3769 relipio
311 3674 367 3747 bis
384 3676 605 3770 inpartibus
618 3680 777 3769 primum
792 3675 963 3769 plantata
981 3681 1016 3747 et
1022 3674 1258 3769 postmodum

166 3780 378 3847 restaurata
400 3779 521 3863 fuerit.
563 3778 745 3850 Hortatur
771 3801 827 3848 me
851 3776 902 3847 ad
928 3774 968 3847 id
990 3775 1151 3848 studium
1170 3777 1259 3847 scri·

161 3881 324 3970 ptoram7
339 3879 401 3973 qui
419 3885 502 3949 ante
518 3884 587 3949 nos
603 3885 698 3973 sunt,
721 3876 907 3950 imitabilis
930 3875 1085 3971 ductio,
1103 3899 1269 3974 quarum

161 3974 327 4071 plerique
340 3984 491 4071 propter
516 4002 689 4074 mapnum
716 3977 898 4051 scribendi
914 3976 1074 4049 studium
1093 3976 1261 4049 omnibus
1387 3971 1393 3981 ’

150 4079 393 4172 nepotiorum
407 4078 618 4151 tumultibus
631 4081 902 4173 renunciarunt,
917 4084 959 4149 ut
973 4079 1011 4149 in
1025 4084 1166 4150 secreto
1177 4102 1261 4151 con-

168 4227 194 4294 i)
212 4228 266 4285 i.c.
288 4232 430 4301 eligierem:
450 4232 521 4285 coni.
535 4233 604 4285 intro
619 4233 737 4305 copiti:
758 4248 831 4303 quem
844 4250 904 4287 sors
916 4236 1100 4301 acceptaverit.
1156 4232 1185 4303 2)
1205 4229 1263 4285 Bo-

167 4320 215 4355 sou
236 4305 287 4358 luit
305 4307 431 4376 parochio
452 4307 479 4361 di
481 4324 608 4361 ssssssss
629 4306 802 4361 bubeccnsis.
