3000 4900
137 462 385 537 usuuouur
404 462 647 539 cuuoutca
664 464 934 541 suavouuu.
961 466 1046 559 ιω.
1062 469 1088 541 1.
1146 472 1215 543 147

113 666 187 738 hac
210 675 309 738 terra
333 664 575 761 consistebat,
602 666 909 764 prepedientibus
936 667 1049 741 simul
1075 668 1159 742 odio
1180 680 1218 743 et

114 765 264 861 invidia7
289 765 412 838 nullos
431 767 510 839 Deo
539 766 696 858 placitos
722 767 865 841 fructus
885 768 1011 843 facere
1030 780 1215 868 poterant.

115 867 291 941 Certabat
316 876 474 965 uterque
497 866 602 939 cuius
628 878 734 941 esset
754 878 872 967 terra,
897 870 957 942 vel
981 869 1088 944 cuius
1113 880 1218 944 esset

112 977 283 1065 potestas
305 968 492 1041 statuendi
509 968 723 1067 episcopos7
741 980 996 1067 caverantque
1010 970 1217 1068 diligentis-

115 1068 225 1166 sime,
250 1092 300 1141 ne
318 1068 473 1165 quilibet
491 1093 622 1142 eorum
643 1073 795 1144 cederet
814 1071 931 1143 alteri.
972 1071 1045 1145 Sed
1066 1096 1137 1145 nec
1156 1095 1217 1144 co·

115 1193 199 1241 mes
222 1169 391 1265 Adortus,
408 1170 497 1243 licet
518 1169 555 1241 in
579 1170 706 1244 multis
726 1175 921 1269 probatus,
939 1176 1052 1245 rebus
1073 1171 1216 1269 episcu·
1251 1254 1261 1265 f

113 1270 261 1369 palibus
281 1270 447 1344 animum
468 1270 579 1369 plene
599 1274 964 1345 accommodaverat.
989 1273 1217 1345 Accesserat

111 1370 185 1443 biis
209 1370 318 1444 malis
344 1370 522 1469 episcopo
542 1382 672 1444 nostro
691 1372 851 1469 amplior
869 1371 1023 1445 tristicia
1049 1375 1094 1445 de
1115 1371 1216 1447 obitu

115 1471 242 1544 domui
261 1470 503 1568 'lbietmari1,
522 1496 595 1570 quo
614 1473 738 1545 adhue
759 1473 964 1569 superstite
986 1472 1217 1545 tolerabilius

113 1571 308 1644 videbatur
325 1596 438 1644 omne
458 1576 556 1670 quod
576 1576 744 1670 urgebat.
776 1573 1019 1647 Afficiebatur
1037 1573 1150 1671 igitur
1163 1584 1217 1647 te-

115 1672 173 1745 dio
199 1671 352 1770 spiritus
379 1672 416 1744 in
443 1674 613 1771 singulos
645 1674 739 1768 dies,
767 1674 930 1771 quesivit
954 1674 1214 1747 consolantem

116 1798 172 1871 se,
199 1783 237 1846 et
254 1797 329 1845 non
348 1772 500 1846 invenit.
544 1774 760 1847 Transactis
780 1785 921 1869 autem,
949 1786 1149 1873 postquam
1171 1778 1216 1849 de

115 1874 217 1946 curia
242 1884 412 1969 venerat,
437 1874 568 1972 paucis
595 1875 740 1972 diebus,
767 1874 870 1947 venit
887 1875 1026 1972 Buzoe,
1053 1900 1125 1974 quo
1154 1878 1218 1947 do·

115 1999 219 2047 mum
240 1983 277 2047 et
296 1974 498 2048 ecclesiam
518 1973 693 2047 edificare
712 1984 878 2071 ceperat,
899 1986 936 2049 et
955 1975 1123 2074 plebibus
1142 1975 1217 2048 illic
1264 1988 1267 1993 '

84 2104 89 2109 ·
115 2075 333 2172 aggregatis
362 2074 509 2172 prebuit
540 2079 696 2149 verbum
725 2075 869 2150 salutis.
913 2077 992 2149 lam
1021 2076 1119 2149 euim
1149 2075 1217 2148 cir-

116 2175 364 2249 cumiacentia
390 2176 526 2274 oppida
551 2175 812 2250 incolebantur
829 2176 1010 2275 paulatim
1030 2201 1051 2249 a
1072 2175 1219 2250 christi·

116 2276 221 2371 coliS,
248 2278 314 2349 sed
335 2300 420 2349 cum
440 2277 572 2372 grandi
590 2284 906 2375 pavore'propter
924 2277 1079 2350 insidias
1102 2277 1216 2350 latro·

116 2400 218 2448 num.
247 2376 419 2451 Castrum
437 2376 537 2449 enim
553 2376 767 2451 Plunense²
780 2380 941 2452 necdum
959 2376 1217 2453 reedificatum

114 2479 248 2551 fuerat.
289 2480 568 2552 Consummans
587 2477 702 2575 igitur
719 2479 887 2575 pontifex
907 2501 1016 2551 sacru
1035 2478 1218 2574 misteria,

115 2588 155 2651 et
186 2577 353 2651 offerens
389 2577 639 2652 novissimum
675 2580 756 2651 Deo
793 2577 1038 2674 sacrificium,
1074 2602 1218 2677 pronus

117 2678 286 2751 adoravit
304 2678 341 2748 in
360 2687 460 2751 terra
481 2700 608 2751 coram
628 2678 733 2752 altari
753 2679 917 2778 Domini,
935 2703 1075 2776 rogans
1095 2679 1219 2752 fortis·

113 2779 254 2852 simum
274 2777 490 2874 Dominum,
508 2789 547 2851 ut
567 2779 688 2853 cultus
707 2779 826 2877 ipsius
846 2791 1121 2878 propagaretur
1139 2789 1218 2852 tam

115 2879 152 2952 iu
173 2903 218 2951 eo
237 2879 322 2950 loco
342 2902 454 2976 quam
475 2880 511 2950 in
530 2879 707 2953 universa
725 2880 920 2952 latitudine
939 2880 1098 2953 Sclavie.
1126 2879 1218 2952 Mul·
1353 2921 1356 2939 ·

115 2979 254 3052 totiens
274 2988 402 3051 autem
420 2978 635 3053 hominibus
654 2978 1021 3078 transmigrationis³
1038 2980 1137 3052 inter
1156 3003 1221 3051 ex·-

114 3079 322 3154 bortatoria
338 3082 452 3152 verba
468 3079 723 3177 presagiebat,
739 3081 880 3152 cultum
899 3083 1034 3154 domus
1045 3078 1114 3154 Dei
1130 3083 1219 3154 sub·

115 3180 246 3252 limem
273 3180 310 3251 in
336 3179 439 3252 brevi
458 3179 624 3253 futurum
643 3179 680 3252 in
700 3181 862 3278 Sclavia,
888 3191 992 3254 etue
1011 3179 1219 3254 deficerent

115 3280 265 3376 animis,
290 3280 474 3354 habentes
493 3283 624 3353 duram
644 3281 865 3378 patientiam
893 3286 939 3355 ub
959 3306 1068 3379 spem
1087 3281 1222 3355 melio·-

115 3406 210 3454 mm.
252 3380 473 3454 Valedicens
493 3379 606 3477 igitur
625 3381 810 3455 sacerdoti
828 3381 1034 3457 venerabili
1052 3381 1218 3454 Brunoni

117 3493 154 3555 et
179 3481 316 3554 ceteris
337 3505 431 3578 quos
449 3481 532 3555 loco
557 3480 678 3554 eidem
698 3482 924 3579 prefecerat,
943 3492 982 3556 et
1000 3482 1220 3555 confortans

116 3605 253 3655 manus
264 3579 418 3655 eoruml
432 3581 468 3653 in
480 3581 654 3678 Domino,
665 3605 845 3656 reversus
862 3592 922 3655 est
935 3583 1144 3679 Falderam,
1157 3582 1219 3655 ubi

115 3682 212 3755 infra
240 3692 388 3780 septem
417 3679 498 3755 dies
522 3693 718 3781 correptus
747 3693 808 3756 est
831 3683 938 3781 virga
962 3682 1030 3755 Dei
1058 3693 1095 3754 et
1122 3685 1217 3754 adeo

114 3783 268 3882 paralisi
287 3782 491 3856 dissolutus
512 3792 583 3879 est,
610 3793 652 3856 ut
669 3807 805 3857 manus
830 3784 911 3856 eius
931 3792 970 3856 et
986 3805 1071 3880 pes,
1096 3791 1218 3854 totum.

115 3883 277 3982 denique
295 3884 394 3957 latus
414 3885 585 3956 dextrum
603 3883 830 3980 exaruerint,
850 3887 1023 3983 quodque
1043 3882 1219 3956 omnibus

114 3983 368 4058 miserabilius
386 3982 468 4078 fuit
487 3983 655 4081 privatus
676 3994 735 4056 est
751 3981 874 4057 officio
888 3983 1028 4080 lingue.
1061 3983 1217 4057 Contur-

113 4085 190 4158 bati
210 4095 298 4158 sunt
315 4085 389 4156 hoc
409 4084 625 4182 spectaculo
645 4108 780 4158 omnes
800 4084 862 4182 qui
887 4085 1059 4159 viderant
1080 4083 1218 4178 virum,

115 4238 140 4309 1)
160 4201 298 4292 εο.’1152.
320 4255 356 4294 m.
374 4237 458 4294 Maio.
559 4239 587 4308 2)
607 4241 773 4293 destructum
794 4255 818 4294 a.
842 4237 927 4302 1139;
947 4256 971 4293 v.
991 4255 1072 4309 supra
1093 4254 1151 4308 cap.
1171 4236 1219 4293 56.

112 4311 140 4383 3)
160 4313 177 4366 i.
199 4329 222 4365 e.
244 4312 355 4376 colonis,
375 4312 447 4365 conl.
469 4329 528 4382 cap.
549 4309 593 4367 57.
669 4310 697 4381 4)
715 4309 814 4365 Esaiae
834 4309 879 4376 35,
896 4311 921 4366 3.

918 4386 984 4459 10·
