3000 4900
286 398 538 475 anonoool
567 395 809 472 cnssonlos
836 383 1103 474 SLAVORUM.
1219 405 1241 471 τ

146 600 369 674 Boeoheiiil.
385 599 424 674 U
433 599 477 672 D
481 599 651 696 ,syndici
667 600 887 694 reipublicae
904 600 1123 696 hainoenses,
1134 600 1244 674 aulae

149 701 332 774 Hotsato·
343 703 603 795 Gottorpiensis
627 700 851 797 canceltarii⁷
877 725 973 774 nunc
998 704 1244 775 uniuersitatis

149 803 376 890 Hafniensis

226 903 378 976 Constat
400 901 580 976 eduobus
598 900 804 976 codicibus:
829 899 930 998 quod
955 901 1049 974 enim
1069 904 1175 996 prior
1198 900 1240 974 li-

148 1003 297 1076 hrarius
313 1006 469 1096 suscepit
480 993 685 1075 Holmoidi
681 1010 790 1099 atque
801 1001 956 1075 Arnoldi
973 1025 1046 1074 uno
1059 1000 1241 1076 uolumine

148 1103 472 1198 comprehendendi
497 1127 590 1197 opus
617 1100 672 1175 alt
657 1109 709 1175 ter
722 1105 887 1196 perfecit.
920 1103 1031 1176 Prior
1046 1102 1240 1176 voluminis

147 1205 362 1291 Hafniensis
380 1203 495 1277 roden
506 1202 742 1276 Heimoldum
754 1204 990 1296 praefatione
1007 1211 1109 1276 tenus
1127 1202 1238 1276 etAr-

146 1303 250 1376 noldi
275 1307 417 1378 initium
443 1303 677 1398 complectens
703 1301 891 1400 quondam
914 1305 988 1391 fuit
1011 1306 1034 1377 6
1061 1302 1239 1376 denorum

145 1404 323 1492 foliorum
348 1404 624 1500 fasciculorum,
666 1427 709 1476 ea
738 1403 869 1500 quihus
895 1428 992 1478 nunc
1016 1403 1090 1475 duo
1119 1405 1238 1476 mutili

144 1512 241 1601 sant,
258 1508 376 1602 quinti
393 1508 486 1578 enim
503 1505 569 1592 fol.
589 1509 625 1600 8,
643 1507 737 1577 secti
753 1503 850 1591 folia
870 1507 1122 1579 1-3.8-10.
1144 1503 1237 1576 desi·

144 1605 331 1678 derantur.
362 1605 722 1679 Praetermittendum
740 1629 815 1677 non
831 1611 894 1700 est,
912 1606 949 1677 ia
967 1603 1084 1676 indice
1097 1608 1235 1698 capitu-

143 1705 266 1778 lorum
283 1709 467 1802 utriusque
479 1709 668 1799 scriptoris
684 1703 803 1778 codici
813 1710 981 1798 praefica
995 1704 1098 1779 haud
1114 1704 1236 1778 deesse

142 1805 297 1882 Arnoldi
313 1806 337 1879 t.
355 1808 383 1879 I.
403 1832 432 1879 c.
452 1810 563 1903 3—9,
581 1808 642 1903 qui
660 1828 756 1879 nunc
773 1805 911 1879 desunt.
1179 1825 1183 1832 ·

220 1906 343 1980 Codea
358 1910 503 1995 fomnae
520 1915 575 1980 est
589 1931 682 2003 quoe
699 1907 792 1994 folio
810 1905 954 2002 dicitm,
978 1905 1159 2001 cleponter
1175 1921 1233 1978 ec·-

143 2015 276 2081 aratus
288 2011 437 2103 popinis
455 2011 502 2081 33
520 2007 712 2102 tinearum,
731 2029 889 2102 quarum
910 2015 926 2079 1
949 2013 985 2078 et
999 2011 1042 2101 3,
1068 2010 1116 2081 30
1135 2014 1171 2079 et
1184 2011 1232 2081 33

141 2107 322 2181 occidunt
335 2109 451 2182 tineas
468 2111 647 2204 utrimque
670 2111 892 2202 scripturam
915 2105 1130 2196 definientes.
1167 2108 1233 2180 Co-

144 2208 214 2282 dea
231 2216 315 2282 ante
333 2234 367 2282 a.
390 2213 485 2285 1297
504 2212 659 2301 scriptus
677 2231 753 2281 esse
770 2207 920 2281 uidetur.

220 2310 392 2399 Quamuis
411 2309 525 2382 codecc
541 2316 663 2382 noster
684 2307 872 2405 ditipenter
897 2315 934 2380 et
956 2316 1127 2381 accurate
1143 2311 1232 2380 scri·

139 2416 226 2505 ptus
243 2413 293 2483 sit
277 2417 340 2483 tet
352 2411 466 2529 plura
483 2433 578 2507 quae
594 2408 792 2483 abhorrent
815 2408 862 2482 ob
881 2406 1050 2481 emendat
1034 2415 1070 2481 to
1089 2407 1233 2481 dicendi

138 2536 281 2608 penore,
308 2515 422 2606 ipsius
444 2510 641 2607 Helmoldi,
664 2534 738 2583 non
762 2510 907 2583 librarii
929 2512 1015 2582 uitio
1039 2511 1115 2582 sint
1135 2533 1231 2581 com·

140 2616 267 2708 missa⁷
287 2616 436 2686 tamen
423 2637 460 2685 m
461 2610 652 2685 uarietate
670 2610 832 2683 lectionis
858 2617 921 2682 sat
942 2610 1034 2682 mult
1020 2618 1058 2682 ta
1074 2613 1231 2683 inuenies

135 2738 262 2829 prooe-
270 2716 365 2806 scrip
369 2720 407 2786 ta
432 2716 469 2785 in
493 2712 563 2784 hoc
588 2712 693 2808 libro,
715 2714 778 2808 qui
798 2735 879 2784 cum
903 2712 954 2783 sit
968 2717 1086 2784 aetate
1115 2714 1231 2783 maai·

139 2836 221 2885 mus
250 2816 294 2885 in
290 2821 342 2886 ter
290 2812 554 2886 tHetmotdi
578 2813 711 2908 libros,
738 2819 862 2885 nont
846 2818 970 2884 tantae
1000 2813 1231 2884 auctoritatis

136 2919 195 2985 cst
192 2970 203 3009 ,
234 2921 278 2985 ut
299 2913 351 2985 ud
375 2914 470 2986 hunc
494 2938 607 2987 unum
636 2916 686 2987 sit
713 2912 1038 3008 confupiendum
1025 2936 1063 2984 in
1090 2911 1229 2983 edendo

137 3013 345 3087 Hehnoldo.
646 3038 649 3043 ·

213 3114 341 3187 Pauca
358 3115 579 3188 scholiorum
601 3118 718 3189 instar
734 3112 904 3187 habenda
926 3120 1130 3186 atramento
1144 3112 1228 3205 pal·

139 3214 270 3288 tidiore
289 3223 324 3289 et
336 3218 546 3302 flavescente
563 3216 710 3289 soeculo
720 3216 756 3287 X
759 3217 793 3289 V.
812 3218 970 3309 morpini
986 3220 1074 3286 sunt
1088 3212 1232 3285 adscri-

133 3323 212 3408 pta.
259 3317 360 3406 Quae
376 3317 512 3390 homini
539 3315 686 3389 cuidam
710 3320 855 3388 inimico
876 3316 1167 3388 Thetmarcorum
1185 3315 1227 3386 u·-

139 3416 259 3489 hertat
243 3421 460 3510 tipristinoe
479 3416 600 3490 deheri
615 3417 726 3505 facite
744 3420 983 3511 capnoscitur.

217 3518 270 3635 1)
217 3519 379 3591 lCum
397 3518 480 3590 codi
482 3543 520 3589 ce
537 3516 723 3615 quondam
740 3517 994 3612 Bocchetiono‚
1018 3540 1114 3589 nunc
1130 3516 1226 3602 Haf-

137 3620 263 3716 niensi,
289 3618 560 3713 comparandus
588 3626 647 3691 est
665 3618 720 3691 ait
705 3625 758 3690 ter
773 3618 988 3706 Hafniensis
1014 3617 1120 3691 chart
1104 3624 1227 3689 taceas

137 3676 263 3792 Arnae
276 3718 457 3815 Mapnaei
468 3718 512 3791 Ν.
531 3722 617 3794 30
604 3744 641 3791 m
659 3718 752 3806 fotio
776 3722 871 3814 scrip
875 3726 933 3791 tus
956 3741 1069 3791 manu
1089 3740 1227 3810 parum

138 3818 303 3915 elepanti,
316 3819 497 3893 scribendi
514 3820 737 3913 compendiis
750 3819 973 3892 redundans.
1005 3818 1082 3890 Ut
1035 3825 1151 3914 traque
1169 3840 1228 3888 co·

140 3918 211 3992 dici
227 3923 324 3993 sicut
339 3919 424 3993 editi
399 3927 486 3994 tuom
480 3920 787 3994 Schorheiioaoe
810 3944 905 3991 unus
922 3917 1086 4016 idemque
1103 3917 1228 3989 arche-

139 4025 243 4115 typus
269 4025 382 4109 fuisse
406 4021 503 4094 videt
488 4030 564 4117 tur,
585 4046 694 4118 quem
725 4021 833 4093 editio
860 4020 1017 4109 fideliori
1041 4017 1152 4090 modo
1177 4024 1233 4092 cst

138 4130 238 4195 secut
236 4148 261 4196 a
279 4147 389 4221 quom
407 4122 622 4210 Hafniensis
649 4122 756 4237 chart
740 4129 873 4194 amens
917 4123 998 4210 (tua
1023 4118 1067 4191 de
1090 4143 1130 4192 re
1154 4116 1228 4190 duo
