3000 4900
169 398 417 476 Hunnonnl
433 397 677 474 CHRONICA
691 396 958 473 SLAVORUM.
987 397 1074 473 LlB.
1094 398 1119 472 l.
1167 401 1236 474 103

242 608 302 680 50.
333 599 386 674 De
403 600 570 673 Nicoluo.
625 601 733 673 Circa
750 611 900 698 tempus
920 599 1066 672 dierum
1084 599 1236 673 illorum

142 703 288 800 accidit.)
304 714 344 776 ut
355 703 524 776 Kanutus
540 727 605 774 rex
616 701 875 774 Obotritorum
889 700 1033 774 veniret
1043 701 1235 800 Sleswich,

142 804 337 879 habiturus
370 828 456 876 cum
488 813 622 900 patruo
654 826 723 874 suo
757 801 910 874 Nicolao
950 801 1090 876 curiale
1122 802 1235 874 collo·

141 904 303 1001 quium¹.
332 904 427 976 Cum
442 914 569 975 autem
585 903 746 1000 populus
766 901 932 975 venisset
949 902 986 973 in
1002 902 1234 998 concionem,

140 1016 179 1078 et
196 1031 262 1078 rex
279 1005 407 1076 senior
425 1003 585 1076 sedisset
612 1003 649 1074 in
668 1013 789 1100 trono,
813 1002 964 1075 indutus
988 1003 1090 1076 cultu
1116 1004 1234 1102 regio,

141 1100 310 1178 Kunutus
326 1105 465 1177 assedit
480 1130 523 1177 ex
540 1103 728 1201 opposito,
739 1114 893 1201 gestans
909 1115 945 1196 et
959 1103 1039 1202 ipse
1054 1128 1234 1176 coronam

140 1207 246 1303 regni
274 1205 544 1300 Obotritorum‚
577 1204 811 1301 stipatusque
843 1205 1048 1277 satellitum
1071 1203 1232 1302 agmine.

139 1307 214 1380 Sed
230 1331 316 1380 cum
331 1330 396 1380 rex
415 1315 571 1403 patruus
590 1305 733 1378 videret
752 1315 928 1402 nepotem
947 1304 1114 1378 suumin
1133 1305 1233 1378 fastu

139 1407 258 1505 regio,
284 1406 429 1503 sibique
447 1431 517 1480 nec
535 1429 749 1503 assurgere,
775 1430 844 1478 nec
872 1405 1044 1478 osculum
1064 1431 1109 1478 ex
1127 1430 1233 1479 more

139 1509 241 1595 dare,
260 1507 495 1579 dissimulata
513 1505 660 1601 iniuria,
688 1505 837 1577 transiit
855 1506 899 1577 ad
920 1529 1018 1602 eum⁷
1038 1506 1232 1579 oblaturus

139 1607 408 1681 salutationem
426 1631 512 1678 cum
532 1607 674 1678 osculo.
704 1606 771 1678 Cui
791 1606 854 1679 ille
874 1631 1077 1679 occursans
1097 1632 1141 1681 ex
1157 1631 1233 1681 me·

138 1708 232 1803 dio²‚
251 1733 335 1782 sese
354 1732 421 1805 per
440 1706 567 1779 omnia
584 1717 718 1805 patruo
739 1717 777 1779 et
794 1707 878 1779 loco
899 1717 936 1780 et
953 1707 1133 1805 dignitate
1148 1708 1232 1780 ade·

138 1809 276 1906 quavit.
307 1808 415 1894 Quod
434 1809 577 1879 factum
595 1807 742 1879 Kanuto
762 1807 875 1880 letale
895 1807 1021 1879 odium
1040 1808 1231 1881 conscivit.

138 1911 236 1982 Nam
254 1910 427 2006 MagnuS,
446 1907 546 1980 lilius
566 1907 720 2001 Nicolai,
739 1932 826 1980 cum
845 1918 965 1980 matre
984 1908 1071 1980 huic
1089 1919 1234 2007 specta-

138 2011 224 2082 culo
244 2008 426 2100 assidens,
444 2007 661 2081 incredibile
685 2005 800 2080 dictu
815 2019 873 2080 est
891 2019 1030 2106 quanta
1054 2008 1110 2081 ina
1128 2035 1233 2083 exar-

138 2110 242 2202 serit,
261 2110 407 2182 dicente
426 2111 472 2180 ad
491 2133 579 2181 eum
597 2120 718 2183 matre
738 2133 824 2182 sua:
855 2107 982 2180 Nonne
1006 2107 1117 2205 vides,
1144 2111 1232 2206 quia

109 2218 114 2224 '
138 2235 253 2303 nepos
265 2217 347 2282 tuus
360 2216 505 2302 sumpto
520 2216 661 2301 sceptro
680 2212 756 2280 iam
769 2209 920 2304 rcqnut?
942 2209 1131 2283 Arbitrum
1145 2234 1231 2306 erqo
1317 2271 1322 2281 .

138 2335 222 2384 eum
245 2310 385 2383 hostem
403 2310 601 2404 publicum,
636 2312 698 2405 qui
730 2313 865 2384 vivente
890 2309 1009 2382 adhuc
1027 2319 1136 2403 patre
1155 2319 1231 2408 tuo,

137 2436 269 2487 nomen
286 2413 355 2485 sibi
373 2413 511 2507 reqium
530 2433 709 2504 estimare
726 2434 799 2483 non
818 2414 947 2483 timuit.
983 2410 1089 2501 Quod
1105 2414 1138 2485 si
1154 2411 1231 2485 lon-

137 2516 221 2608 qins
248 2512 533 2585 dissimulaveris
559 2519 594 2584 et
615 2536 687 2583 non
713 2512 889 2584 occideris
916 2535 1007 2607 eum,
1033 2516 1125 2585 scito
1145 2520 1179 2587 tc
1197 2520 1231 2585 et

138 2617 217 2685 vita
235 2619 271 2685 et
286 2637 396 2708 reqno
416 2614 462 2684 ab
481 2637 522 2685 eo
536 2610 770 2705 privandum.
808 2612 874 2684 His
892 2612 1018 2709 itaque
1037 2613 1159 2687 verbis
1178 2613 1232 2686 in-

137 2714 368 2809 stimulatus,
396 2713 496 2811 cepit
521 2712 680 2785 insidias
699 2714 835 2811 moliri,
861 2724 902 2785 ut
919 2714 1109 2787 Kanutum
1135 2714 1232 2786 occi·

138 2816 254 2887 deret.
290 2814 398 2901 Quod
416 2813 582 2887 sentiens
597 2813 774 2886 Nicolaus
793 2840 870 2909 rex,
887 2826 1069 2887 convocat
1087 2815 1232 2889 univer-

137 2940 204 2987 sos
223 2915 409 3013 principes
428 2914 547 3012 regni
564 2910 737 3010 deditque
758 2939 912 3012 operam
932 2926 972 2986 nt
988 2915 1142 2989 iuvenes
1159 2915 1231 2987 dis·

137 3016 303 3090 sidentes
322 3016 591 3088 confederaret.
638 3014 942 3087 Dissensionibus
968 3015 1082 3113 igitur
1102 3018 1147 3087 ad
1167 3041 1232 3115 pa-

136 3142 223 3189 cem
240 3115 440 3210 inclinatis,
458 3115 580 3187 iurata
598 3126 686 3187 sunt
704 3115 877 3213 utrinque
896 3116 1034 3190 federa.
1073 3115 1147 3191 Sed
1167 3144 1231 3216 pa-

138 3218 283 3289 ctiones
312 3216 383 3289 iste
420 3217 517 3313 apud
548 3216 739 3287 Kanutum
770 3216 891 3311 firme,
923 3218 1021 3314 apud
1051 3218 1231 3315 Magnum

138 3317 236 3393 dolis
255 3316 369 3391 oblite
395 3327 492 3390 sunt.
546 3316 682 3388 Statim
709 3316 822 3409 enim,
852 3328 892 3389 ut
917 3317 1005 3389 ficta
1023 3318 1231 3391 soliditate3

137 3417 308 3490 animum
322 3419 402 3491 eius
422 3417 623 3514 investigat
641 3427 679 3489 et
693 3416 1033 3515 omnisuspicionis
1053 3419 1152 3491 malo
1169 3445 1231 3491 va-

139 3543 254 3591 cuum
273 3519 497 3611 considerat,
516 3528 626 3615 rogat
643 3516 834 3590 Kanutum
854 3519 1024 3615 llagnus7
1044 3530 1085 3591 ut
1103 3545 1231 3592 occur·

137 3630 199 3690 rat
217 3620 285 3690 sibi
305 3622 350 3691 ad
370 3618 562 3716 singulare
581 3618 822 3713 colloquium.
860 3618 1061 3692 Dissuadet
1079 3619 1228 3691 Kanuto

138 3745 235 3791 uxor
253 3718 427 3815 euituml7
446 3719 583 3792 timens
609 3718 774 3808 insidiasff
799 3719 911 3791 simul
936 3720 1050 3792 etiam
1077 3744 1230 3817 exaspe-

138 3830 222 3892 rata
254 3818 439 3917 sompni0‚
474 3819 571 3916 quod
598 3820 777 3916 preterita
806 3831 915 3893 nocte
940 3820 1092 3892 viderat.
1153 3820 1230 3893 Nec
1323 3873 1327 3877 -

137 3931 267 3994 tamen
285 3920 341 3995 vir
359 3920 480 3994 fidelis
499 3919 650 4015 retineri
668 3921 803 4017 potuit,
822 3920 886 3992 sed
906 3920 1002 3993 sicut
1016 3921 1231 3993 laudatum⁵

139 4021 276 4113 fuerat,
299 4021 464 4093 occurrit
481 4020 525 4093 ad
546 4022 672 4092 locum
690 4020 829 4118 placiti³
852 4021 1052 4094 comitatus
1072 4032 1232 4118 quatuor

143 4174 168 4239 ll
187 4173 206 4228 i.
220 4191 244 4227 e.
264 4174 290 4225 in
310 4174 385 4227 curia
406 4174 528 4227 solemni.
602 4173 629 4237 2)
649 4188 685 4227 cc*
703 4175 796 4243 medio,
818 4174 843 4227 in
868 4174 955 4226 modio
975 4175 1064 4243 spatii.
1138 4174 1164 4246 3)
1183 4191 1235 4246 so*¹

142 4248 244 4312 tuitus,
260 4248 372 4309 fiducia,
392 4248 518 4300 amicitia.
581 4246 607 4317 4)
626 4248 645 4301 i.
657 4265 680 4300 e.
700 4265 733 4299 ne
754 4257 837 4301 exeat.
901 4248 926 4313 5)
946 4246 979 4299 V.
1000 4248 1080 4301 0:27.
