3000 4900
167 422 413 498 uuunobul
431 422 673 498 CHRONICA
692 422 962 496 SLAVORUM.
990 422 1076 496 bru.
1091 423 1116 495 Ι.
1173 427 1243 499 155

140 625 361 698 vulneratus
386 623 424 695 in
451 623 613 695 frontem
641 634 710 696 est.
749 622 829 695 'Nec
856 621 914 695 nis
943 623 1161 721 prepeditus
1187 622 1244 695 vir

140 725 328 799 estuantis
353 723 467 797 animi
493 724 686 822 protectus
714 732 775 796 est
797 724 931 796 itinere
958 733 1082 822 cepto,
1109 747 1242 823 perve-

140 826 327 923 niensque
345 822 581 898 'l'erdonam1
602 823 662 898 ubi
682 833 789 897 erant
804 833 928 897 castra
943 824 1060 921 regis,
1078 823 1242 923 benigne

139 935 344 1023 susceptus
372 935 472 998 esta
491 927 585 997 duce
613 936 650 997 et
675 923 807 997 amicis
834 924 926 997 eius.
969 925 1082 997 Porro
1111 947 1178 998 rex
1205 935 1243 998 et

140 1024 1241 1124 universiprincipesexpugnabantTerdonam,etobsessa

140 1137 201 1199 est
216 1125 346 1199 civitas
361 1128 492 1200 diebus
507 1126 645 1198 multis.
664 1127 719 1198 Ad
738 1125 910 1198 ultimum
927 1136 1037 1223 capta
1052 1124 1202 1199 civitate
1211 1123 1240 1221 ²,

138 1226 229 1299 tecit
245 1227 381 1325 deponi
401 1252 530 1300 muros
556 1226 637 1298 eius
658 1236 696 1298 et
714 1226 892 1322 adequari
912 1227 1003 1299 solo.
1047 1227 1136 1299 lndc
1156 1238 1332 1324 pro-1155.

137 1324 333 1401 ficiscente
352 1328 531 1423 exercitu,
551 1326 639 1399 fecit
656 1328 730 1399 deux
749 1327 972 1424 episcopum
991 1337 1162 1400 nostrum
1179 1313 1314 1441 ⁰⁰'Atir

141 1428 265 1500 mitari
279 1451 411 1501 secum
424 1428 462 1500 in
476 1427 634 1523 ltaliam,
649 1437 689 1499 ut
703 1427 858 1499 offerret
872 1451 959 1500 euru
975 1429 1114 1500 domno
1129 1451 1238 1525 pape.
1296 1426 1303 1440 '

215 1527 399 1601 Miserunt
416 1528 530 1627 igitur
547 1527 708 1601 Romani
725 1528 873 1625 legatos
899 1530 944 1599 ad
963 1550 1095 1625 regern
1121 1528 1158 1599 in
1179 1552 1239 1600 aa·

138 1638 230 1725 stra,
258 1628 320 1727 qni
338 1628 507 1702 dicerent
529 1628 577 1725 ei,
597 1639 770 1726 paratum
792 1652 880 1701 esse
905 1639 1079 1701 senatum
1100 1640 1138 1701 et
1160 1628 1240 1701 uni·
1347 1670 1349 1677 .

138 1752 274 1803 versos
292 1729 396 1803 cives
416 1729 524 1804 Urbis
551 1733 598 1803 ad
617 1729 879 1827 excipiendum
900 1752 986 1802 eurn
1006 1753 1093 1802 cum
1111 1728 1240 1803 trium-

137 1829 311 1927 phalibus
336 1829 506 1929 pompis,
538 1829 722 1927 siquidem
749 1828 990 1927 imperatorio
1016 1854 1121 1902 more
1149 1853 1238 1904 sese

139 1930 384 2004 exhibuisset.
416 1930 499 2018 Quo
520 1939 790 2028 percunctante
810 1932 962 2003 modurn
983 1954 1055 2028 quo
1076 1954 1119 2003 se
1137 1929 1239 2003 exhi-

138 2034 230 2104 bere
260 2031 480 2127 deberet,illi
513 2030 680 2103 aierunt:
725 2030 856 2125 Reyem
876 2037 1029 2124 propter
1052 2028 1239 2124 imperiale

136 2133 330 2226 fastipiam
342 2131 499 2203 Romam
514 2130 820 2204 venientemdecet
831 2134 950 2203 venire
963 2154 1064 2203 more
1076 2130 1238 2227 suo,th

138 2238 198 2304 eet
211 2233 248 2303 in
267 2254 380 2303 carra
393 2254 519 2326 aureo,
533 2239 796 2326 purpuratum,
815 2238 978 2326 aperilem
989 2256 1056 2325 pre
1069 2232 1237 2304 curribus
1326 2296 1331 2303 .

134 2333 220 2403 sois·
233 2338 411 2425 bjrannos
429 2331 521 2404 dello
539 2331 713 2404 subactos
730 2338 767 2403 et
783 2330 929 2404 diuitias
945 2335 1117 2427 peritiam.
1153 2332 1238 2403 Pre-

137 2438 238 2504 terea
256 2439 400 2526 oportet
414 2457 496 2505 eum
512 2431 697 2505 honorare
708 2431 850 2528 Urbem,
866 2455 934 2528 que
948 2439 1061 2525 capnt
1072 2438 1127 2506 eet
1138 2431 1238 2505 orbis

137 2539 175 2604 et
194 2525 313 2605 mater
336 2536 488 2629 imperii,
515 2540 551 2606 et
570 2532 662 2606 dare
687 2536 920 2628 senatuique
949 2532 1074 2605 edictis
1092 2537 1237 2626 preliaa

134 2640 233 2729 sunt,
252 2633 418 2706 videlicet
433 2632 638 2730 quindecim
655 2634 795 2706 milium
813 2632 929 2705 libras
943 2636 1096 2729 arpenti,
1115 2640 1158 2706 ut
1170 2657 1237 2727 per

133 2732 206 2805 lroc
231 2736 451 2806 suscitentur
476 2736 590 2806 animi
612 2741 763 2806 renatas
797 2733 849 2806 ad
876 2733 1176 2829 benevolentiam,
1203 2741 1239 2806 et

135 2833 328 2906 exhibeant
349 2837 381 2905 ei
411 2834 585 2907 bonorem
612 2833 888 2929 triumphalem,
922 2842 958 2907 et
982 2857 1086 2930 quem
1112 2833 1235 2906 electio

131 2935 341 3027 principum
358 2937 460 3030 repni
473 2936 609 3007 crearit
622 2958 754 3030 repem,
772 2939 979 3008 auctoritas
991 2941 1140 3007 cenabis
1152 2959 1236 3028 per·

135 3036 239 3123 ficiat
261 3057 432 3107 cesarem.
477 3036 581 3107 Tunc
608 3059 673 3107 rex
700 3035 913 3108 subridens:
952 3037 1080 3131 Grata,
1103 3035 1235 3132 inquit,

130 3137 343 3230 promissio,
366 3134 431 3207 secl
450 3158 543 3207 cara
565 3138 707 3228 ereptio.
745 3134 885 3230 Mapna
907 3138 1101 3232 requiritis,
1124 3160 1146 3207 o
1167 3137 1237 3208 oiri

135 3234 305 3329 Romani,
333 3234 378 3307 de
404 3239 591 3308 exinanita
617 3260 766 3308 camera
791 3243 930 3309 norbo.
977 3236 1070 3309 Puto
1102 3242 1234 3332 autem,

133 3337 226 3431 qaia
243 3338 455 3408 occasiones
472 3339 622 3432 queritis
640 3335 835 3408 adeersum
848 3361 917 3409 nos
929 3336 1147 3429 imponendo
1161 3361 1235 3410 non

132 3435 367 3529 imponenda.
403 3436 610 3510 Caesellius
623 3460 707 3509 aero
722 3439 849 3532 apetie,
868 3439 901 3509 si
912 3437 969 3509 leis
983 3440 1128 3511 omissis
1145 3440 1235 3510 ami-

132 3539 218 3609 citie
233 3539 361 3629 potius
374 3543 496 3609 nostre
508 3561 620 3632 qaam
633 3560 824 3609 armorum
837 3540 1004 3631 ceperitis
1017 3541 1235 3633 experimen·

131 3643 222 3708 tam.
250 3638 297 3710 At
314 3637 366 3708 illi
384 3637 615 3734 pertinacius
630 3637 833 3735 instabant,
851 3639 1034 3735 dicentes,
1054 3639 1134 3711 iura
1148 3638 1234 3710 civi·

133 3737 222 3808 tatis
254 3737 469 3811 nullatenus
501 3738 678 3811 irritanda
692 3736 719 3836 ³,
752 3742 820 3812 sed
849 3744 1060 3836 gerendum
1088 3762 1235 3812 morem

132 3836 298 3932 senatui,
317 3837 481 3936 alioquin
495 3838 711 3913 adventanti
727 3839 890 3912 claustra
905 3841 1013 3914 Urbis
1028 3840 1235 3914 obicienda.

211 3941 270 4010 80.
292 3938 527 4012 Consecrotie
539 3938 724 4011 Fredericl
733 3941 976 4033 imperatoris.
1005 3941 1070 4014 His
1086 3940 1233 4036 auditis,

132 4060 201 4109 rex
221 4037 339 4111 missa
351 4040 543 4135 legatione
557 4063 625 4136 per
638 4063 810 4113 summos
826 4051 863 4113 ct
877 4041 1116 4116 honorabiles
1132 4043 1233 4115 viros

135 4188 161 4257 1)
182 4189 263 4244 hodie
288 4190 419 4247 Tortona.
512 4192 541 4262 2)
562 4191 642 4247 1155.
663 4192 751 4262 April.
774 4193 816 4249 13.
842 4203 903 4264 post
928 4193 1096 4250 obsidionem
1118 4199 1233 4250 duorum

129 4262 276 4317 meusium.
350 4263 377 4335 3)
401 4262 433 4319 V.
451 4282 532 4336 supra
552 4283 579 4336 p.
600 4265 635 4318 66
655 4265 674 4320 1.
693 4265 729 4318 23
749 4275 777 4321 et
795 4285 821 4338 p.
845 4266 897 4321 154
915 4267 934 4322 1.
956 4265 1000 4324 18.
