3000 4900
247 439 311 518 ,60
360 435 608 510 HELMOLDI
626 435 869 511 CHRONICA
885 434 1155 510 SLAVORUM,
1182 435 1269 509 Llll.
1287 434 1313 508 1.

258 636 355 736 legis
376 641 624 736 contemptor,
649 635 823 711 ecclesiis
840 635 911 710 Dei
928 635 966 709 in
986 634 1197 710 statuendis
1216 633 1367 734 episco-

258 738 318 837 pis
338 760 491 811 omnem
511 737 692 812 canonice
712 736 908 812 electionis
927 737 1139 811 libertatem
1164 736 1364 833 adimeret,

260 861 406 939 ponens
441 861 517 937 per,
543 839 760 913 violentiam
794 838 997 938 episcopos
1034 862 1129 936 quos
1167 835 1364 910 voluisset.

197 1003 201 1008 .
258 941 419 1039 Insuper
437 941 534 1038 quod
555 962 660 1012 more
675 939 944 1033 Nicolaitarum
961 941 1009 1012 de
1028 961 1146 1010 uxore
1160 961 1231 1012 sua
1245 937 1366 1037 publi·

261 1065 346 1114 curn
375 1039 531 1113 fecisset
555 1039 826 1138 prostibulum,
860 1039 1051 1114 subiciens
1079 1063 1165 1112 eam
1192 1037 1364 1138 pervim

261 1142 419 1214 aliorum
452 1140 612 1236 lrbrdmr,
656 1141 805 1240 aliaque
839 1140 1091 1240 perplurima,
1124 1163 1198 1238 qne
1235 1139 1365 1211 incon·

260 1239 450 1316 venientia
469 1239 552 1314 visa
572 1253 661 1315 sunt
679 1253 717 1315 et
735 1241 863 1314 auditu
880 1239 1042 1314 diflicilia
1052 1240 1077 1312 ¹.
1105 1239 1364 1328 Quamobrem

261 1346 421 1417 domnus
446 1341 691 1440 apostolicus,
717 1342 798 1415 zelo
824 1342 972 1416 iusticie
997 1352 1207 1440 permotus,
1235 1338 1366 1414 missis

259 1443 398 1541 legatis
425 1444 575 1516 vocavit
601 1467 733 1540 regem
763 1443 809 1515 ad
837 1443 1045 1541 apostolice
1077 1441 1179 1516 sedis
1211 1441 1365 1515 audien·
1418 1483 1423 1491 ·

259 1545 351 1618 tiam
361 1543 386 1616 ².
424 1542 495 1631 Qui
522 1548 728 1616 secundam
754 1554 793 1617 et
814 1543 965 1616 tertiam
993 1543 1231 1616 vocationem
1255 1541 1365 1615 dissi·

262 1644 426 1740 molare,
453 1646 500 1716 ad
519 1643 693 1718 ultimum
712 1643 952 1717 familiarium
980 1643 1146 1717 consiliis
1173 1642 1366 1737 astrictus,

259 1744 474 1818 timentium
494 1769 542 1818 ne
561 1768 680 1843 regno
699 1746 799 1818 iuste
818 1749 1084 1843 deponeretur,
1106 1745 1174 1817 ivit
1189 1745 1366 1838 Romam,

148 1935 153 1944 Ι
262 1846 323 1920 ubi
342 1845 562 1944 superbiis,
589 1850 688 1919 unde
707 1845 807 1920 iuste
826 1846 1058 1945 pulsabatur,
1086 1869 1175 1918 sese
1199 1843 1366 1943 pastoris

261 1947 435 2046 permisit
470 1947 633 2022 arbitrio.
686 1947 843 2045 Accepit
878 1970 970 2044 ergo
1005 1946 1043 2018 in
1075 1945 1284 2041 mandatis,
1324 1955 1367 2017 ut

263 2068 362 2132 anno
398 2047 546 2145 integro
582 2049 702 2121 Roma
738 2071 812 2120 non
845 2048 1076 2143 discederet,
1116 2070 1256 2145 equum
1288 2069 1364 2117 non

263 2149 501 2243 ascenderet,
530 2151 596 2222 sed
623 2150 659 2221 in
684 2159 792 2222 veste
812 2148 944 2221 humili
964 2147 1138 2220 circuiret
1155 2146 1284 2220 limina
1304 2168 1365 2218 ec-

264 2249 487 2345 clesiarum,
522 2249 754 2323 orationibus
783 2260 821 2322 et
845 2248 994 2322 ieiuniis
1019 2249 1182 2321 reddens
1209 2248 1364 2345 dignum

263 2349 470 2448 penitentie
497 2350 682 2428 fructum..
720 2350 828 2438 Quod
855 2373 920 2423 rex
939 2349 1132 2422 humiliter
1156 2347 1364 2452 adimplere

67 2550 71 2560 Ι
190 2538 193 2543 ,
264 2451 412 2549 sategit.

337 2552 516 2625 Videntes
544 2551 656 2650 igitur
681 2552 891 2626 cardinales
921 2552 1053 2647 ethii,
1090 2550 1152 2649 qui
1183 2552 1230 2623 de
1262 2550 1365 2622 curia

265 2664 365 2747 sunt,
384 2652 471 2750 quia
489 2676 556 2751 pre
575 2653 710 2745 timore
730 2653 832 2726 sedis
848 2652 1054 2751 apostolice
1069 2649 1367 2724 contremiscunt

229 2835 234 2839 ,
265 2763 475 2853 potestates
508 2763 546 2825 et
577 2764 782 2826 curvantur
811 2753 885 2849 hii,
921 2754 983 2851 qui
1015 2763 1166 2851 portant
1197 2748 1365 2847 orbemi,

265 2863 477 2953 suggerunt
494 2854 715 2952 apostolico,
734 2864 775 2926 ut
791 2854 997 2928 transferat
1014 2876 1174 2950 regnum
1190 2854 1236 2925 ad
1250 2852 1365 2925 alium

263 2956 401 3051 virum,
419 2954 604 3052 dicenteS,
622 2955 817 3053 indignum
838 2980 941 3052 esse,
964 2965 1005 3027 ut
1022 2956 1109 3028 talis
1127 2962 1275 3051 regnet,
1302 2952 1364 3050 qui

265 3059 311 3130 de
338 3056 497 3154 publicis
526 3056 719 3129 convictus
748 3066 807 3129 est
831 3055 1071 3129 facinoribus.
1102 3052 1365 3127 Percunctanti

264 3156 379 3254 igitur
396 3156 616 3256 apostolico,
638 3157 814 3254 quisnam
831 3156 869 3229 in
888 3156 1085 3230 Alemania
1105 3154 1240 3252 dignus
1260 3163 1366 3227 esset

263 3268 368 3330 tanto
395 3256 574 3353 culmine,
611 3257 833 3354 designatus
867 3269 926 3331 est
953 3260 1025 3329 dux
1053 3257 1265 3331 Suevorum
1292 3256 1366 3327 llo·

264 3358 403 3455 dulfus,
422 3360 518 3456 quod
539 3357 683 3431 scilicet
699 3359 813 3431 fuerit
830 3358 887 3430 vir
905 3362 1040 3455 bonus,
1058 3366 1205 3430 amator
1223 3355 1327 3455 pacis
1337 3352 1366 3453 ⁴,
1444 3406 1450 3415 -

266 3470 304 3532 et
338 3458 438 3532 circa
473 3459 613 3531 cultum
646 3458 846 3533 sacerdotii
878 3470 915 3532 et
947 3458 1195 3533 ecclesiarum
1222 3456 1364 3555 optime

268 3632 292 3703 l)
318 3633 404 3687 Missa
427 3590 447 3686 i.
472 3634 602 3687 relulr'one
622 3630 668 3688 .’..
695 3634 789 3687 auditu
807 3630 941 3701 defficillo,
966 3630 1121 3685 Elrlrelrard.
1148 3650 1173 3685 a.
1195 3628 1283 3682 1072:
1306 3629 1365 3685 Neu

266 3711 356 3762 masat
378 3720 443 3775 pens
468 3706 607 3760 Senonum
711 3712 895 3760 accusationes
923 3706 1088 3774 blospfemoe
1116 3709 1143 3759 et
1169 3706 1303 3758 inauditos
1328 3704 1367 3757 od

183 3844 186 3847 ¹
265 3782 355 3835 aedem
380 3781 552 3848 apostolicum
579 3783 607 3832 tn
632 3780 703 3833 illum
729 3778 839 3848 (regom)
867 3778 982 3847 referre.
1021 3776 1064 3831 ct.
1091 3776 1213 3830 Annales
1238 3774 1266 3831 S.
1286 3773 1365 3829 Disi-

266 3852 330 3906 bodi
350 3868 374 3906 a.
397 3852 476 3906 ¹093.
496 3861 524 3906 et
542 3850 708 3905 Brunonem.
791 3850 1036 3923 eldebrannus.
1058 3850 1142 3903 1073:
1163 3850 1215 3913 Oui
1233 3852 1365 3918 lequtfm

185 3964 187 3968 -
263 3930 375 3994 peracto
392 3928 503 3995 reuersi,
523 3927 625 3979 litterae
645 3925 793 3979 Ateurndn‘
807 3927 946 3993 apostotici
959 3926 1115 3993 detulerunt,
1134 3938 1223 3994 repom
1237 3926 1363 3976 nocenter

265 4001 302 4052 od
319 3997 538 4066 autnsoctt'onem.
603 3997 630 4067 3)
649 4015 687 4052 ιο.
708 3998 894 4068 imperatores,
914 3998 960 4069 qui
980 4005 1089 4067 portant
1108 3998 1208 4049 malum
1227 4013 1249 4049 a.
1269 3994 1362 4047 cruci-

265 4087 357 4141 gerum
386 4070 494 4141 globum
520 4069 626 4141 imperii
654 4068 819 4137 Germanici,
838 4070 990 4142 symbolum
1011 4070 1085 4123 orbis
1105 4078 1246 4123 terrarum.
1282 4065 1361 4120 Palla

263 4151 376 4197 vocatur
408 4160 433 4213 ιἱ
458 4142 618 4198 Godolredo
651 4144 756 4200 Viterb.
791 4144 918 4199 dndme
948 4140 1065 4196 Dnndoli
1093 4141 1197 4197 Cluen.
1226 4159 1250 4195 a.
1281 4139 1361 4194 1130.

264 4214 291 4289 l)
320 4220 362 4271 vir
377 4216 482 4303 fimi>
511 4234 537 4273 u.
561 4220 650 4291 pocta,
676 4218 773 4273 iisdem
800 4218 888 4271 verbis
912 4218 947 4270 dc
973 4214 1093 4270 lludollo
1118 4217 1247 4270 utebatur
1271 4221 1363 4268 noster

265 4306 323 4360 cap.
344 4304 435 4361 prron.
