3000 4900
290 431 360 506 151
411 430 657 503 HELMOLDI
677 430 918 506 CHRONICA
938 401 1213 506 SLAVORUM.¹
1233 432 1319 507 LlB.
1335 432 1360 505 l.

284 641 491 729 occupatus
519 641 624 704 esset
652 631 902 745 expeditione
912 632 1059 729 Italica
1092 642 1129 705 et
1156 631 1388 705 communita

203 784 207 791 1
285 742 373 803 sunt
393 735 577 805 adversus
594 754 682 803 eum
699 743 823 806 castra
844 732 1010 831 episcopi
1003 732 1207 829 Stadhem
1223 734 1388 830 Vorden,

282 833 492 929 Horueborg
510 830 701 929 Fribur¹.g

358 933 398 1003 ln
419 932 550 1005 diebus
568 932 642 1005 illis
661 931 854 1007 orientalis
873 932 1035 1006 Saxonie
1056 933 1244 1031 principes
1266 943 1303 1006 et
1321 932 1388 1005 ali·

284 1030 346 1129 qui
372 1034 418 1104 de
441 1032 623 1129 Bawaria,
652 1032 939 1130 conspirationis
970 1044 1009 1107 ut
1035 1035 1227 1107 dicebatur
1251 1032 1387 1131 gratia,

285 1132 487 1205 condixere
492 1132 765 1246 colloquium
791 1144 1048 1281 evocatusque
1075 1133 1385 1247 archiepiscopus

284 1232 448 1305 occurrit
466 1232 522 1306 eis
540 1232 577 1304 in
598 1233 695 1306 saltu
715 1232 918 1307 Boemico²
921 1289 930 1306 .
967 1234 1049 1323 Quo
1070 1245 1205 1332 postea
1223 1233 1384 1308 reditum

284 1343 511 1429 maturante,
528 1333 666 1406 vetitus
682 1344 741 1407 est
756 1358 776 1406 a
792 1332 1046 1409 ducensibus³
1064 1336 1185 1408 redire
1201 1334 1237 1406 in
1258 1356 1386 1431 parro-

284 1434 409 1507 chiam
428 1457 536 1507 suam
540 1434 827 1532 exclususque
851 1436 990 1508 mansit
1012 1445 1089 1507 toto
1114 1458 1212 1533 pene
1229 1458 1328 1507 aiano
1346 1434 1385 1506 in

283 1533 455 1606 orientali
470 1533 644 1607 Saxonia.
665 1535 861 1631 Surgens
852 1536 965 1650 rgitpr
979 1546 1110 1609 noster
1125 1535 1281 1631 electus,
1297 1534 1386 1606 abiit

283 1644 370 1733 post
397 1634 545 1707 eumin
574 1634 786 1708 Saxoniam
788 1636 1090 1734 quesitumque
1118 1635 1258 1748 reperit
1285 1637 1385 1732 apud
1466 1692 1471 1696 .

282 1733 515 1831 Marcipolim
527 1734 880 1833 Aldenburgensem
897 1737 1156 1850 episcopatum
1172 1736 1208 1808 in
1224 1736 1385 1808 alteram

283 1858 487 1933 personam
514 1837 709 1909 demutare
732 1847 942 1934 parantem
985 1836 1187 1910 Enimvero
1213 1834 1387 1949 preposi-

282 1947 362 2010 tum
378 1935 589 2032 quendam
579 1936 799 2034 inpartibus
815 1937 901 2036 ittis‚
917 1942 1013 2011 bene
1028 1961 1119 2035 erga
1135 1960 1178 2009 se
1193 1936 1386 2032 meritum,

282 2036 355 2109 hoc
373 2036 518 2108 honore
536 2060 782 2111 remunerare
797 2040 1019 2112 decreverat
1021 2062 1190 2151 magna
1207 2040 1384 2151 quedam,

284 2139 349 2210 sed
376 2160 612 2235 supervacua
640 2139 686 2209 de
714 2136 850 2211 divitiis
876 2139 987 2211 huius
1006 2138 1258 2237 episcopatus
1281 2136 1386 2210 iacti-

283 2248 379 2310 tans
414 2236 547 2309 Audito
568 2259 659 2333 ergo
679 2238 843 2311 adventu
862 2240 988 2311 domni
1007 2238 1171 2334 Gerotdi,
1192 2240 1386 2336 perturba-

281 2348 343 2410 tus
376 2347 436 2410 est
462 2336 588 2409 animo
599 2338 834 2436 cepitque
845 2340 942 2413 velle
970 2338 1115 2411 irritare
1145 2338 1384 2433 electionem,

282 2441 511 2538 pretendens
529 2436 771 2512 immaturam
789 2440 991 2514 ecclesiam
1013 2452 1049 2514 et
1067 2438 1241 2538 personis
1261 2439 1384 2512 adhuc

283 2539 391 2637 quasi
411 2564 569 2612 vacuam
599 2540 682 2613 sine
705 2541 763 2613 sui
787 2540 1039 2638 permissione
1060 2565 1130 2613 nec
1150 2539 1293 2637 eligere
1312 2564 1384 2612 neo

267 2641 499 2713 'discernere
536 2640 736 2738 quicquam
773 2664 900 2738 posse.
948 2643 996 2713 At
1027 2640 1145 2715 nostri
1178 2643 1384 2713 obtendere

283 2752 478 2838 ceperunt,
494 2749 617 2814 ratum
633 2765 721 2814 esse
737 2765 833 2838 opus
850 2741 1057 2838 electionis7
1076 2766 1187 2838 quam
1203 2741 1384 2838 perfecis-

283 2851 343 2914 set
357 2841 559 2938 postulatio
572 2841 765 2939 principis,
786 2843 983 2914 concordia
1000 2841 1102 2937 oleri7
1119 2841 1284 2939 aptitudo
1302 2865 1386 2938 per·

281 2966 387 3015 sone.
428 2943 533 3014 Tunc
555 2941 886 3039 archiepiscopus:
927 2941 1012 3014 Non
1035 2947 1097 3038 est,
1125 2940 1257 3039 inquit,
1274 2941 1384 3014 huius

281 3045 454 3135 temporis
470 3041 526 3114 uel
538 3041 611 3114 loci
624 3042 755 3114 talium
768 3042 990 3136 explanatio,
1008 3041 1172 3136 capediet
1185 3041 1281 3114 hanc
1295 3065 1383 3114 cuu-

280 3165 374 3236 sum,
393 3164 475 3214 cum
493 3141 649 3237 rediero,
667 3142 860 3215 Bremensa
874 3142 1085 3236 cupidatum.
1114 3142 1254 3228 Videris
1268 3142 1385 3239 igitur

282 3243 426 3314 electus
456 3241 785 3340 archiepiscopum
818 3246 1081 3316 adversantem
1116 3242 1204 3340 sibi,
1237 3241 1385 3316 remisit

280 3342 478 3415 liudolfum
502 3343 736 3456 prepositum
762 3353 799 3417 et
818 3367 885 3417 eos
906 3344 966 3442 qui
993 3367 1078 3416 cum
1089 3342 1180 3458 ..ipso
1200 3353 1384 3416 venerant

280 3442 317 3514 in
338 3443 581 3540 Wagir’am,
571 3468 655 3541 rpse
675 3469 765 3517 vero
791 3443 1005 3518 succinctus
1025 3442 1140 3517 abiit
1131 3469 1169 3516 m
1188 3443 1383 3540 Sueviam,

280 3543 547 3648 designaturus
577 3544 659 3616 duci
689 3569 758 3643 per
784 3543 962 3617 nuncium
983 3569 1094 3617 suum
1114 3548 1159 3617 de
1180 3554 1278 3617 statu
1301 3568 1382 3618 suo

280 3631 348 3717 cdi
375 3646 448 3715 dux
472 3645 719 3740 remandavit
745 3656 785 3717 ut
813 3644 973 3718 celerius
1002 3643 1149 3717 veniret
1175 3644 1212 3716 in
1233 3644 1384 3742 Longo-

279 3743 460 3840 bardiam.
480 3743 594 3816 veluti
614 3768 864 3858 processurus
886 3770 972 3818 cum
992 3745 1074 3843 ipso
1089 3746 1261 3823 Romam.
1297 3746 1383 3833 Quo

279 3845 467 3917 mandatis
487 3856 658 3959 parente,
685 3845 722 3916 in
742 3849 912 3920 exeundo
931 3845 1097 3919 Suevia
1088 3870 1194 3918 mour
1197 3857 1302 3920 satus
1323 3856 1383 3919 est

279 3941 539 4041 alatronibus,
565 3946 784 4043 amissoque
814 3944 963 4044 viatico,
990 3949 1035 4020 de
1063 3945 1188 4043 gladio
1214 3945 1382 4044 graviter

282 4127 307 4199 1)
327 4126 535 4189 Bremerrdrde,
562 4126 689 4198 Harburg
716 4137 743 4182 et
762 4127 928 4200 Freiburg'
920 4150 947 4184 m
968 4129 1110 4198 Kedingia.
1221 4129 1248 4202 2)
1268 4128 1362 4184 silva
1353 4148 1383 4182 m

278 4202 406 4328 pqultqmdou
408 4200 562 4328 ο1118ιι1ιιιιιιιιιι
582 4210 609 4256 et
629 4201 774 4266 unnim
795 4204 867 4259 conl.
887 4204 957 4256 intra
978 4221 1036 4274 cap.
1055 4201 1101 4256 88.
1177 4201 1242 4275 :ut
1259 4219 1283 4256 e.
1304 4201 1382 4256 mili-
