3000 4900
105 435 383 552 {Hubtlobut
402 385 644 509 cnnomcn
663 432 931 507 scavorum
958 434 1044 507 nra.
1059 434 1084 505 1.
1141 436 1211 511 175

114 636 197 711 duci
216 636 342 709 omnia
362 636 460 709 mala
480 658 553 733 que
572 635 776 708 intulerant
795 634 864 707 sibi
883 633 1021 729 Sclavi,
1046 634 1211 733 prevari-

114 749 262 834 catores
285 736 450 810 mandati
470 736 618 834 publici.
649 735 694 807 Et
711 736 919 808 timuerunt
937 733 1061 808 Sclavi
1080 734 1210 809 venire

113 838 149 912 in
170 837 403 935 presentiam
428 836 548 928 ducis,
573 860 619 907 eo
639 838 735 933 quod
756 835 866 933 culpe
886 858 954 908 sue
974 846 1105 909 essent
1125 859 1212 908 con·
1320 844 1322 849 ’

115 938 192 1011 scii.
232 940 277 1011 Et
303 937 404 1009 dedit
430 960 497 1009 eos
530 940 602 1009 dux
632 936 670 1008 in
698 935 1034 1034 proscriptionem,
1058 946 1095 1008 et
1123 935 1212 1009 lecit

115 1062 247 1111 omnes
275 1062 366 1111 suos
394 1047 546 1135 paratos
567 1061 653 1109 esse
673 1039 719 1109 ad
739 1035 1017 1133 expeditionem
1037 1046 1210 1135 tempore

114 1139 263 1212 messis.
299 1140 404 1211 Tunc
422 1138 587 1210 Niclotus
616 1137 784 1209 animum
805 1137 909 1209 ducis
929 1136 1060 1209 videns
1080 1148 1211 1210 contra
1335 1158 1337 1165 ·

114 1263 155 1313 se
182 1238 296 1311 lixum
325 1239 362 1310 in
390 1238 552 1334 malum,
579 1237 776 1335 proposuit
806 1237 969 1334 primum
1000 1237 1210 1335 irrumpere

113 1339 278 1434 buhele,
306 1348 344 1411 et
361 1338 463 1411 misit
485 1337 582 1410 lilios
602 1362 691 1410 suos
712 1361 757 1410 eo
778 1362 862 1409 cum
882 1336 1037 1410 insidiis.
1076 1340 1128 1410 Eo
1149 1362 1212 1409 au·

112 1451 189 1513 tem
209 1450 381 1538 tempore
401 1439 581 1513 habitavit
597 1438 751 1511 Lubcke
777 1441 955 1511 sacerdos
977 1436 1128 1536 quidam
1147 1462 1211 1511 ve·

9 1633 10 1636 Ἴ
113 1540 289 1614 necabitis
317 1539 470 1612 nomine
487 1539 633 1612 Athelo.
672 1538 791 1612 Huius
818 1541 952 1611 domus
979 1538 1100 1611 vicina
1130 1548 1212 1611 erat

9 1647 10 1682 ³
112 1641 215 1739 ponti
244 1641 306 1738 qui
332 1639 551 1713 transmittit
575 1638 717 1712 llumen
736 1638 966 1712 Wochenice
991 1662 1127 1711 versus
1148 1664 1210 1711 au·

113 1751 244 1813 strum.
287 1742 321 1813 ls
347 1741 442 1813 forte
469 1740 592 1838 parari
617 1741 760 1811 fecerat
778 1739 922 1811 fossam
946 1738 1210 1837 longissimam

113 1843 158 1914 ad
175 1844 460 1914 conducendum
477 1842 611 1936 rivum,
623 1840 683 1937 qui
701 1849 780 1912 erat
795 1840 1043 1936 longiuscule.
1073 1839 1210 1914 lnsidie

9 2025 10 2028 Ἴ
115 1966 205 2038 ergo
225 1941 446 2015 Sclavorum
465 1940 704 2034 festinantes,
728 1950 768 2012 ut
786 1940 1023 2038 preriperent
1041 1950 1210 2038 pontem,-

113 2042 282 2140 impediti
309 2054 397 2115 sunt
420 2043 537 2138 fossa,
563 2040 743 2139 passique
770 2050 857 2113 sunt
877 2064 1043 2113 errorem
1062 2040 1098 2112 in
1122 2064 1211 2138 que·

112 2146 229 2216 rendo
244 2143 415 2215 transitu.
444 2142 550 2231 Quod
565 2142 736 2214 videntes
757 2140 886 2238 hiiqui
908 2150 1015 2213 erant
1033 2143 1079 2215 dc
1099 2145 1211 2215 donno

9 2253 10 2324 ξ
114 2243 335 2337 sacerdotis,
362 2244 620 2315 clamaverunt
646 2266 739 2314 voce
768 2241 948 2337 validiori7
976 2252 1014 2314 et
1034 2241 1211 2315 conterri-

9 2329 10 2414 Ῑ
113 2354 174 2417 tus
195 2346 373 2417 sacerdos
393 2343 555 2415 occurrit
571 2344 739 2415 valenter
755 2366 801 2412 ex
816 2344 988 2415 adverso.
1015 2342 1210 2415 Exercitus

114 2443 296 2528 veroium
313 2455 393 2516 erat
410 2444 445 2516 in
460 2443 585 2518 medio
602 2442 727 2541 pontis
748 2454 786 2516 et
800 2453 946 2541 portam
962 2467 1061 2541 pene
1077 2468 1210 2542 appre-

113 2547 310 2640 henderat,
329 2548 395 2617 sed
416 2543 613 2618 celerrime
633 2544 772 2617 missus
793 2567 812 2614 a
828 2545 908 2616 Deo
924 2547 1103 2617 sacerdos
1120 2569 1211 2643 pon·

112 2657 191 2719 tem
218 2648 264 2719 de
291 2656 423 2718 catena
449 2644 601 2741 levavit
628 2655 666 2717 et
692 2645 729 2732 in
757 2645 857 2716 hunc
884 2647 1034 2717 modum
1057 2645 1211 2718 exclusa

113 2755 201 2819 sunt
226 2746 389 2818 latenter
415 2746 636 2819 subinducta
661 2744 839 2843 pericula.
885 2745 1117 2832 Quoaudlto
1138 2749 1211 2819 dux

110 2845 238 2946 posuit
256 2846 330 2918 illic
351 2847 558 2920 custodiam
578 2845 746 2918 militum.
865 2915 867 2921 .

189 2951 250 3019 87.
284 2948 491 3042 Interfectio
515 2945 659 3018 Nicloti.
735 2947 825 3019 Post
856 2945 927 3018 hec
954 2945 1105 3017 intravit
1136 2947 1210 3017 dux

111 3046 311 3119 Heinricus
336 3058 476 3120 terram
496 3047 716 3121 Sclavorum
743 3046 780 3116 in
802 3070 913 3117 manu
935 3045 1069 3142 valida⁷
1094 3056 1131 3118 et
1148 3071 1211 3119 va·

114 3147 228 3220 stavit
247 3172 332 3219 eam
352 3149 439 3244 igne
460 3159 496 3220 et
514 3144 674 3244 gladio¹.
706 3149 750 3219 Et
765 3146 895 3221 videns
910 3145 1077 3220 Niclotns
1097 3145 1211 3219 virtu-

112 3256 192 3322 tem
224 3248 329 3322 ducis
361 3248 555 3321 succendit
594 3246 719 3320 omnia
754 3258 876 3320 castra
909 3271 999 3342 sua,
1037 3247 1211 3321 videlicet

111 3347 278 3445 Ylowe²‚
297 3348 549 3446 Mikitinburg,
568 3347 703 3420 Zverin
724 3348 1212 3445 6111011111,ρι’θοενρηε01)1

112 3448 268 3522 sidionis
291 3449 511 3547 periculum.
548 3450 671 3522 Unum
700 3448 821 3520 solum
848 3459 1011 3521 castrum
1033 3447 1101 3521 sibi
1125 3448 1212 3522 reti·

9 3634 10 3651 p
112 3548 383 3646 nuit7Wurle³⁷
403 3550 515 3622 situm
535 3550 637 3622 iuxta
656 3545 797 3622 llumen
815 3549 981 3622 Warnou
1000 3572 1119 3646 prope
1138 3559 1212 3622 ter·

9 3654 10 3657 ’
111 3674 197 3724 ram
220 3649 362 3731 Kicine.
407 3651 495 3725 lnde
516 3650 666 3724 exibant
684 3673 752 3748 per
771 3649 941 3747 singulos
962 3650 1055 3746 dies7
1085 3660 1122 3722 et
1148 3673 1210 3722 ex·

110 3752 312 3849 plorabant
326 3751 532 3824 exercitum
547 3751 665 3846 ducis,
681 3762 718 3824 et
731 3750 991 3848 percutiebant
1005 3752 1051 3822 de
1066 3748 1210 3824 insidiis

110 3851 298 3927 incautos.
325 3852 405 3924 Una
425 3851 715 3949 igiturdierum,
729 3855 816 3924 dum
838 3849 1025 3924 exercitus
1045 3875 1217 3925 morare·-

112 4052 140 4126 1)
159 4051 261 4107 lisdem
280 4031 337 4106 lere
356 4052 446 4108 verbis
466 4061 577 4106 utuntur
591 4052 664 4108 nnn.
681 4051 768 4106 rana
786 4069 810 4107 a.
823 4049 903 4108 1160.
977 4051 1005 4119 2)
1024 4049 1107 4106 llowe
1123 4049 1211 4104 adbuc

110 4135 199 4181 exstat
223 4125 252 4178 in
276 4127 445 4195 praefectura
465 4124 620 4180 Sveriuensi
641 4124 773 4191 Buclow‚
798 4125 868 4180 inter
887 4115 1060 4179 Wismariam
1087 4133 1115 4178 et
1132 4120 1211 4178 Neu·

9 4198 11 4289 l
108 4197 244 4264 Buckow,
257 4198 328 4253 haud
345 4198 439 4271 procul
454 4217 469 4252 a
482 4196 621 4270 Neuburg‚
641 4200 714 4252 conl.
730 4197 818 4262 bisch,
832 4197 1020 4268 bleldenburg.
1040 4195 1212 4252 Jahrbiicber

110 4270 176 4335 Vll,
199 4271 251 4325 156
270 4288 311 4346 sq.
394 4271 420 4339 3)
440 4271 473 4328 V.
493 4289 572 4344 supra
592 4289 653 4344 pag.
673 4270 718 4327 99.
738 4289 765 4326 n.
782 4269 809 4324 t.
1171 4289 1186 4328 a
