3000 4900
292 429 334 494 te
387 417 637 535 HELMOLDI
657 415 902 489 CHRONlCA
920 416 1187 490 SLAVORUM.
1215 416 1303 490 LlB.
1320 417 1348 490 1.

285 621 356 693 tuit
374 645 536 718 superne
555 617 739 692 mercedis
759 615 893 688 intuitu
912 635 1089 688 ornamento
1103 652 1184 688 censu
1201 635 1381 689 resolvere

283 751 363 811 atque
383 737 493 808 pristine
514 735 629 789 libertati
650 738 861 796 condonare,
881 742 928 790 tle
943 717 1040 791 ferte
1059 717 1222 792 ServllllS
1234 729 1299 791 aul
1316 718 1379 790 trl-

284 822 383 894 butis
409 816 655 918 pregravati¹‚
676 819 720 889 ad
740 817 957 890 rebellionis
975 818 1242 892 necessitatem
1261 830 1298 892 et
1317 845 1379 917 pa·

285 922 446 1020 ganlsml
467 943 615 993 errores
633 919 927 1016 impellerentur.
968 935 1076 988 Porro
1092 954 1130 989 ea
1147 936 1269 989 conditio
1285 955 1298 989 a
1316 955 1382 1005 rege

285 1024 418 1091 proposita
432 1031 459 1074 et
474 1022 507 1072 ab
523 1021 585 1089 ipsis
601 1029 723 1088 suscepta
741 1023 794 1079 est,
816 1028 845 1070 ut
857 1019 963 1070 abiecto
975 1019 1119 1072 demonum
1135 1018 1222 1083 cultu,
1235 1019 1381 1072 christiane

284 1096 345 1148 fidei
362 1103 527 1146 sacramenta
548 1093 714 1160 susciperent
734 1101 878 1161 essentque
899 1091 1030 1143 tributarii
1051 1101 1077 1144 et
1102 1092 1253 1161 sublegales
1277 1093 1378 1144 domini

282 1165 350 1230 Dei,
377 1168 495 1219 omnium
522 1167 701 1217 iumentorum
722 1181 831 1216 suorum
854 1174 880 1216 et
898 1164 1033 1216 fructuum
1054 1163 1159 1217 culture
1179 1184 1226 1217 seu
1246 1166 1380 1218 nutriture
1435 1195 1441 1204 ·

284 1258 332 1294 sue
361 1240 478 1292 decimas
507 1240 692 1291 sacerdotibus
720 1236 844 1305 legaliter
869 1237 1033 1298 ollerentes,
1066 1246 1092 1290 et
1122 1236 1229 1290 francis
1260 1239 1380 1302 adunati,

284 1333 352 1366 unus
378 1331 438 1364 cum
466 1312 504 1366 eis
532 1311 646 1380 populus
672 1311 871 1363 el'licerentur2.
921 1309 1011 1361 Divisa
1041 1307 1083 1363 est
1106 1311 1188 1379 igitur
1211 1309 1325 1363 Saxonia
1352 1311 1380 1363 in

283 1414 345 1458 octo
365 1405 552 1472 epts‹·0pams³
580 1396 617 1458 et
636 1383 866 1481 dignissimis
884 1383 1097 1480 pastoribus
1117 1384 1296 1481 subiecta‚
1316 1384 1378 1481 qui

284 1487 330 1559 ad
350 1485 569 1558 imbuendas
584 1485 696 1556 rudes
715 1484 753 1555 in
768 1483 841 1556 lide
859 1483 1005 1554 animas
1019 1487 1132 1555 verbo
1153 1495 1190 1558 et
1204 1487 1377 1582 exemplo

284 1586 512 1658 sufficerent.
557 1584 701 1671 Quibus
738 1584 853 1656 etiam
875 1583 986 1655 huius
1004 1583 1079 1657 vite
1098 1584 1283 1682 stipendia
1301 1610 1379 1658 me·
1482 1632 1483 1682 p

285 1697 454 1758 moratus
482 1708 590 1757 cesar
610 1685 728 1756 multo
752 1685 908 1780 honore,
935 1685 1048 1781 plena
1072 1686 1231 1783 denique
1259 1685 1380 1757 muni·
1482 1692 1483 1747 ἒ

285 1786 436 1859 licentia
464 1785 631 1882 providit.
686 1785 898 1871 Perfectum
926 1795 983 1857 est
1010 1783 1125 1882 igitur
1151 1785 1189 1857 in
1213 1785 1380 1858 Saxonia

284 1887 432 1959 novelle
451 1885 693 1983 plantationis
713 1909 807 1982 opus
828 1896 863 1957 et
886 1885 996 1981 pleno
1016 1886 1146 1982 vigore
1166 1886 1380 1958 constabili·

284 1999 374 2059 tum.
427 1985 501 2059 Sed
529 1997 566 2059 et
593 1985 790 2057 Frisonunr
812 1997 983 2082 agrestes
1002 1985 1066 2058 illo
1086 1997 1258 2084 tempore
1276 2012 1380 2060 rece-

285 2098 420 2186 perunt
438 2085 641 2159 christiane
660 2085 745 2159 fidei
766 2085 937 2183 gratiam.
985 2086 1038 2157 Ex
1058 2096 1146 2159 tunc
1165 2087 1279 2185 igitur
1298 2113 1380 2184 pre·

286 2198 458 2285 paratum
478 2197 535 2259 est
561 2187 633 2259 iter
660 2185 957 2283 predicatoribus
985 2180 1086 2260 ¹verbi
1104 2188 1172 2261 Dei
1199 2199 1300 2260 trans
1319 2189 1380 2260 Al·

255 2315 257 2320 ·
285 2288 397 2384 biama
418 2287 663 2384 exieruntque
683 2285 808 2384 angeli
831 2285 1002 2373 veloces4
1020 2289 1249 2361 annunciare
1268 2314 1381 2361 euan-
1483 2316 1484 2339 ¹

285 2388 426 2486 geliurn
460 2387 563 2486 pacis
600 2386 637 2459 in
673 2387 887 2461 universam
915 2386 1150 2462 latitudinem
1182 2388 1379 2486 aquilonis.

285 2490 347 2554 Quo
362 2498 496 2558 tempore,
517 2506 576 2541 rum
591 2486 747 2541 Sclavorum
763 2504 871 2560 quoque
883 2499 975 2558 gentes
988 2486 1153 2542 Francorum
1173 2489 1288 2558 imperio
1301 2491 1383 2543 subi-

285 2572 419 2621 cerentur,
435 2563 520 2615 lertur
533 2560 651 2614 Karolus
666 2560 877 2630 Hammemburg
893 2560 1026 2614 civitatem
1037 2560 1291 2631 Nordalbingorum‚
1312 2581 1382 2616 con-

285 2640 384 2688 structa
404 2636 504 2687 ibidem
525 2634 648 2697 ecclesia,
668 2632 808 2702 Heridago
823 2634 928 2687 cuidam
949 2643 1041 2687 sancto
1061 2635 1126 2699 viro,
1147 2653 1226 2705 quem
1248 2636 1300 2689 loci
1319 2636 1383 2706 cpi·
1484 2633 1485 2700 l

285 2726 395 2775 scopum
409 2707 567 2775 designavit,
578 2710 722 2775 regendam
737 2724 807 2759 com
816 2708 967 2768 misisse,
985 2725 1154 2777 proponens
1167 2712 1279 2762 eandem
1291 2707 1384 2761 Ham-

287 2782 517 2847 memburgensem
546 2780 686 2832 ecclesiam
721 2781 825 2832 cunctis
854 2778 1012 2833 Sclavorum
1041 2780 1234 2851 [lanorumquo
1258 2782 1383 2852 gentibus

286 2853 453 2921 metropolim
474 2862 601 2905 statuere.
649 2851 677 2904 ln
698 2870 749 2922 qua
771 2870 800 2905 re
820 2855 853 2905 ad
873 2853 1021 2921 perlectum
1042 2856 1164 2908 ducenda
1184 2864 1211 2908 at
1231 2872 1301 2907 mors
1321 2853 1384 2907 He-

286 2926 372 2995 ridagi
391 2925 531 2995 presbiteri
558 2935 584 2979 et
608 2926 749 2994 occupatio
776 2925 948 2978 bellorum
969 2925 1099 2979 Karolum
1125 2927 1384 2997 imperatoremm

287 3000 436 3052 desiderata
451 2999 607 3067 compleret,
625 2998 801 3067 prepedivitt.
831 2997 918 3051 ldem
933 2998 1036 3051 etiam
1057 3000 1383 3053 victoriosissimus

287 3073 466 3143 princeps,
494 3072 539 3142 qui
560 3072 648 3124 omnia
670 3089 749 3137 regna
770 3070 879 3141 Europe
900 3073 1097 3141 subegerat,
1125 3074 1299 3126 novissimum
1320 3090 1382 3125 cum

287 3144 371 3198 Dauis
398 3144 499 3199 bellum
526 3147 675 3213 suscepisse
701 3153 833 3197 narrator.
877 3143 942 3196 Nam
966 3143 1035 3198 Dani
1061 3154 1089 3198 et
1113 3147 1213 3210 ceteri,
1239 3146 1285 3217 qui
1310 3155 1384 3198 trans

287 3216 400 3271 Daniam
427 3226 488 3270 sunt
507 3218 615 3286 populi,
642 3218 675 3268 ab
703 3216 843 3288 hystoricis
863 3215 1027 3271 Francorum
1049 3215 1226 3272 Northmanni
1242 3228 1385 3283 cocantur,

287 3308 401 3361 quorum
422 3308 468 3343 rex
483 3288 648 3343 Godelridus
667 3290 720 3342 iam
741 3300 819 3343 antea
834 3289 930 3353 Fdsis,
950 3291 1069 3360 itemque
1082 3288 1284 3359 Nordalbingis.
1302 3291 1385 3345 Obo-

288 3364 354 3416 tritis
381 3371 407 3415 ct
425 3363 483 3415 aliis
503 3362 660 3415 Sclarorum
681 3364 787 3432 populis
807 3364 907 3416 tributo
926 3364 1057 3425 subactis,
1084 3364 1134 3433 ipsi
1155 3365 1384 3451 Karolo·bellum

289 3437 404 3489 minatus
424 3445 473 3489 est.
505 3435 563 3488 llec
582 3436 713 3489 dissensio
733 3436 848 3489 maxime
866 3436 1030 3489 voluntatem
1051 3436 1220 3505 imperatoris
1240 3440 1273 3491 de
1292 3436 1385 3491 Ham-

289 3509 427 3575 memburg
446 3508 598 3562 retardavit.
643 3507 764 3563 Tandem
791 3509 909 3564 extincto
934 3510 1028 3562 celitus
1049 3507 1213 3573 Godelrido‚
1238 3509 1387 3579 Hemming

288 3583 313 3636 ei
332 3583 476 3643 successit,
504 3581 630 3650 patruelis
651 3583 724 3642 eius,
750 3583 796 3652 qui
823 3599 882 3635 mox
902 3599 994 3651 pacem
1022 3601 1083 3636 cum
1103 3587 1263 3654 imperatore
1283 3584 1387 3637 laciens

287 3653 423 3725 Egdoram
445 3654 554 3707 [lorium
575 3654 677 3723 accepit
698 3658 772 3723 regni
793 3655 966 3709 terminant.

364 3728 441 3801 Nec
468 3728 587 3799 multo
615 3738 702 3825 post
724 3728 885 3801 Karolus
911 3728 1075 3824 presenti
1102 3729 1178 3802 vita
1211 3728 1386 3825 decessit,

287 3827 345 3902 vir
371 3838 449 3901 tam
476 3827 514 3900 in
545 3826 677 3901 divinis
705 3853 818 3924 quam
845 3828 882 3900 in
910 3830 1086 3903 humanis
1111 3831 1223 3904 rebus
1254 3833 1388 3930 proba-

292 3962 316 4033 1)
338 3962 425 4017 Verba
439 3973 500 4016 sunt
513 3963 622 4017 chartae
643 3964 711 4033 regis
725 3962 816 4018 Caroli
830 3969 899 4036 apud
913 3966 1046 4019 Adamum
1067 3966 1085 4019 l.
1096 3965 1118 4020 l.
1132 3985 1157 4021 c.
1170 3965 1212 4019 13.
1269 3966 1296 4032 2)
1314 3968 1388 4020 Gon-

290 4038 398 4091 dt'tt'o—
410 4036 578 4105 efficerentur
598 4055 629 4090 ex
648 4035 747 4090 Adami
768 4037 786 4091 Ι.
802 4037 823 4091 l.
844 4057 866 4091 c.
884 4038 926 4095 10.
948 4058 1009 4092 curn
1028 4057 1052 4092 c.
1069 4040 1111 4092 13.
1173 4039 1200 4105 3)
1219 4038 1259 4092 Er
1279 4037 1387 4093 Adamo

289 4108 309 4163 t.
321 4108 340 4162 l.
361 4128 386 4167 c.
403 4109 436 4161 12
450 4111 469 4163 f.
557 4110 584 4176 t)
605 4112 662 4164 te.
684 4111 777 4164 nuncii
798 4111 911 4166 celeres.
995 4112 1021 4178 5)
1043 4114 1099 4173 Ouo
1118 4117 1388 4181 tempore-prepe-

289 4186 355 4306 ἴοι)
373 4182 523 4307 “fidam
543 4182 562 4236 l.
577 4181 597 4238 Ι.
617 4200 640 4237 c.
656 4183 698 4237 15.
822 4184 848 4256 6)
868 4189 1140 4240 m'ctortostssrtnus-
1153 4189 1290 4241 terminum
1309 4184 1389 4238 indi-

310 4272 352 4306 cm
372 4273 395 4308 c.
448 4296 454 4309 .
