3000 4900
23 365 24 375 ,

23 489 25 540 i

167 455 420 530 HuLMOLDI
439 455 684 529 CHRONlCA
702 454 970 529 SLAVORUM.
998 453 1128 528 butt.
1181 455 1230 529 45

131 659 320 732 latronum
347 657 538 756 percussit
561 657 598 730 in
626 655 807 728 ultionem
834 656 950 754 patris
977 679 1131 728 omnem
1157 666 1231 728 ter·

23 773 25 804 ’
131 783 213 850 ram
232 758 585 855 Nordalbingorum
604 768 728 829 tantas
750 767 899 854 strages
919 757 1008 830 lecit
1025 756 1229 830 christiane

131 859 266 958 plebis,
285 870 325 932 ut
343 859 543 932 crudelitas
564 882 717 930 omnem
737 860 889 930 modum
911 858 1130 930 excesserit.
1171 857 1229 928 Ni·

23 1005 24 1020 κ
130 960 281 1058 chilque
314 959 499 1032 remansit
531 958 569 1030 in
594 959 837 1032 Holzatorum
870 970 909 1031 et
935 956 1230 1033 sturmariorum

131 1061 323 1159 provincia
344 1061 425 1138 sive
445 1081 574 1133 eorum
595 1059 657 1158 qui
676 1060 890 1133 Thetmarsi
913 1060 1104 1156 dicuntur,
1131 1061 1230 1156 quod

23 1193 24 1226 1
130 1185 269 1234 manus
289 1162 370 1236 eius
397 1161 586 1258 effugerit,
610 1171 737 1258 preter
760 1160 959 1234 notissima
984 1161 1046 1232 illa
1067 1159 1229 1258 presidia

23 1309 24 1312 =
130 1261 306 1335 Echeho¹
323 1274 360 1336 et
373 1261 677 1359 Bokeldehurg23
692 1261 754 1334 illo
771 1285 814 1334 se
827 1261 977 1360 quidam
993 1261 1127 1333 armati
1143 1284 1230 1332 cou-

131 1365 298 1436 tuleraut
322 1388 407 1436 cum
428 1362 646 1436 mulieribus
675 1373 711 1435 et
736 1363 902 1460 parvulis
931 1373 969 1434 et
996 1361 1229 1457 substantiis,

23 1505 25 1550 χ
131 1488 204 1562 que
223 1463 423 1562 direptioni
443 1463 719 1561 superfuerant.
741 1463 913 1551 Quadam
931 1463 1046 1561 igitur
1065 1462 1123 1534 die
1143 1486 1230 1534 curn

23 1643 24 1646 ,
131 1574 366 1648 memoratus
383 1565 560 1662 princeps
574 1564 784 1636 latrocinali
804 1588 910 1637 more
929 1588 998 1662 per
1016 1587 1172 1661 campos
1192 1573 1230 1634 et

23 1647 25 1686 ¹
130 1665 283 1738 miricas
311 1667 483 1762 ferretur,
512 1663 645 1738 videns
669 1664 865 1762 regionem
885 1666 974 1738 viris
999 1675 1037 1737 et
1055 1663 1228 1738 ecclesiis

130 1769 356 1865 quandoque
380 1767 560 1839 refertam
578 1775 686 1839 vaste
715 1764 904 1839 solitudini
930 1766 1140 1861 subiacere,
1168 1790 1229 1837 ex-

129 1867 276 1940 horruit
301 1867 451 1966 proprie
486 1866 716 1940 crudelitatis
736 1865 854 1966 'opus,
886 1876 925 1940 et
949 1877 1072 1939 tactus
1100 1867 1229 1938 dolore

23 2029 24 2036 ,
131 1967 254 2042 cordis
279 1967 521 2066 intrinsecus,
549 1967 768 2041 deliberavit
794 1967 989 2041 anelariis
1010 1967 1129 2066 ceptis
1149 1977 1229 2039 tan·

130 2071 216 2142 dem
245 2069 423 2142 cohibere
449 2093 598 2142 manus.
650 2069 815 2142 Avulsus
851 2093 944 2166 ergo
974 2077 1227 2166 parumpera

131 2168 244 2242 sociis
266 2179 304 2242 et
322 2169 429 2268 quasi
448 2173 492 2242 ad
513 2169 668 2244 insidias
690 2169 835 2268 exiens,
863 2170 1053 2269 inopinate
1073 2169 1229 2242 offendit

23 2305 25 2312 >
131 2274 320 2368 quendam
340 2271 530 2344 Saxonern
550 2270 809 2344 christianum.
842 2270 914 2360 Qui
935 2296 1020 2344 cum
1040 2280 1227 2343 armatum
1292 2286 1297 2298 ’

23 2367 25 2402 ³
131 2371 280 2444 eminus
299 2371 514 2444 venientem
531 2371 693 2470 fugeret,
712 2372 773 2443 ille
793 2373 958 2444 clamore
979 2373 1124 2445 sublato
1144 2372 1229 2443 hor-

128 2482 241 2571 tatur,
269 2482 310 2546 ut
334 2472 527 2569 subsistat,
554 2473 653 2546 iurat
677 2475 791 2547 etiam
817 2498 859 2546 se
884 2473 999 2545 nichil
1026 2473 1059 2545 ei
1087 2472 1228 2544 nocitu-

129 2597 224 2646 rum.
278 2576 448 2673 Cumque
474 2574 530 2645 vir
552 2574 718 2670 timidus,
745 2586 898 2673 recepta
917 2574 1066 2671 fiducia,
1093 2572 1228 2646 substi-

129 2674 252 2770 tisset,
280 2675 381 2773 cepit
398 2674 633 2773 percunctari
662 2678 707 2754 ab
734 2700 792 2773 eo³
813 2676 894 2773 quis
915 2686 1032 2772 esset7
1058 2684 1123 2747 aut
1141 2673 1226 2772 quid

130 2785 264 2848 nosset
281 2773 455 2847 rumoris.
488 2777 535 2847 At
553 2776 632 2849 ille:
652 2776 731 2872 Epo
750 2800 843 2871 sum,
862 2776 993 2875 inquit,
1011 2775 1120 2848 homo
1130 2797 1227 2869 pau-

124 2900 204 2973 per,
222 2875 398 2949 Holzatia
411 2878 562 2971 penitus.
596 2876 776 2949 Sinistros
792 2885 913 2950 autem
926 2900 1093 2949 rumores
1109 2878 1227 2971 quoti·

130 2975 187 3049 die
201 2978 418 3073 esperimur,
437 2979 524 3072 quia
537 2980 709 3071 princeps
727 2981 792 3050 iste
802 2976 1020 3050 Selauorum
1032 2975 1227 3050 Godeseul·
1319 3056 1325 3065 ¹

129 3100 194 3149 cus
220 3077 338 3149 multa
354 3076 458 3149 matu
475 3080 586 3166 infert
596 3077 737 3172 populo
761 3086 797 3151 et
812 3085 905 3151 terre
922 3084 1045 3151 nostre
1062 3080 1227 3172 sitimque

128 3176 356 3251 crudelitatis
372 3201 436 3255 sue
453 3185 625 3251 saturare
643 3181 744 3272 eupit
758 3182 936 3274 sanquine
953 3186 1090 3252 nostro.
1130 3179 1227 3250 Tem-

124 3302 197 3372 pus
216 3281 395 3351 enimvero
415 3286 517 3375 esset,
543 3286 585 3351 ut
605 3278 737 3352 uiudea
753 3278 851 3353 Deus
877 3280 1110 3353 ulcisceretur
1133 3282 1226 3352 iniu-

128 3382 207 3453 rias
224 3386 382 3453 nostras.
413 3381 480 3453 eui
495 3381 766 3453 Godescalcus:
785 3380 952 3477 Multum,
971 3380 1101 3479 inquit7
1121 3403 1226 3452 coar·

126 3484 211 3577 puis
227 3482 347 3553 uirum
365 3475 480 3577 illum,
493 3483 694 3575 principem
713 3477 942 3554 Selavorum,
974 3482 1113 3553 Revera
1133 3483 1226 3553 euim

23 3620 25 3629 ·
127 3581 265 3654 multas
283 3580 343 3653 ille
356 3605 554 3676 pressuras
571 3584 763 3655 suscitavit
781 3582 920 3677 populo
940 3589 975 3654 et
989 3590 1082 3655 terre
1099 3588 1224 3679 vestre7

23 3710 25 3717 ’
127 3682 227 3755 ultor
239 3689 393 3777 paterne
420 3681 518 3755 cedis
545 3686 698 3755 euristeus
724 3688 951 3779 mapuifieus.
997 3684 1076 3778 Epo
1104 3688 1226 3753 autem

23 3808 24 3853 r
127 3806 210 3855 sum
227 3786 284 3856 uir
301 3786 379 3879 iste,
399 3781 444 3855 de
461 3806 533 3879 quo
551 3807 648 3856 uuae
664 3808 783 3857 sermo
803 3791 865 3880 est,
889 3791 923 3856 et
940 3785 1019 3856 veui
1036 3790 1078 3855 ut
1092 3783 1226 3880 loquar

127 3890 255 3957 tecum.
299 3884 415 3957 Doleo
435 3886 529 3957 euim
553 3892 773 3958 metantem
794 3888 902 3974 nefas
920 3886 1142 3957 commisisse
1160 3883 1226 3955 ad-

128 4008 254 4058 versus
270 3984 468 4059 Dominum
493 3992 529 4058 et
550 3984 791 4082 christicolas,
817 3994 853 4059 et
875 3985 1094 4059 vehementer
1118 3988 1224 4080 cupio

128 4085 247 4158 redire
281 4090 319 4159 iu
341 4088 505 4182 qratiam
532 4110 678 4183 eorum,
712 4088 844 4185 quibus
877 4112 932 4159 me
964 4094 1070 4160 tauta
1096 4088 1226 4158 iniuste

126 4186 291 4259 intulisse
317 4211 550 4283 recopuoseo
586 4186 715 4281 Accipe
738 4191 849 4284 ipitur
872 4188 982 4261 uerba
1006 4210 1088 4259 mea
1115 4194 1150 4260 et
1170 4210 1225 4259 re-

130 4312 153 4385 l)
173 4314 293 4368 ltaehoe.
366 4315 394 4387 2)
415 4314 591 4385 Bithelnhurg
610 4334 631 4369 s.
653 4314 725 4386 Burg
744 4315 773 4368 in
792 4325 863 4369 terra
882 4315 1037 4370 Ditmarsia·
