3000 4900
140 468 387 543 HELMOLDI
407 469 651 545 CHRONICA
670 467 938 544 SLAVORUM.
966 470 1054 544 Llll.
1070 473 1096 544 l.
1150 473 1199 547 27

19 655 21 716 l
108 671 221 724 venire
240 680 320 723 ausus
335 681 387 732 est
408 680 495 740 preter
508 671 610 734 solum
630 681 660 724 ut
674 672 804 740 legimus
818 670 1014 727 Reimbertum.
1043 665 1093 726 Est
1111 680 1199 724 autem

19 745 20 814 ᾗ
109 742 193 813 Byroa
220 745 329 829 opidum
356 742 506 796 Gothorum
532 744 749 806 celeberrimum,
780 745 807 795 io
834 744 923 797 medio
948 743 1049 798 Suedio
1063 745 1199 812 positum,

108 819 192 886 quod
219 810 352 869 tractus
376 818 513 887 quidam
541 815 694 871 Balthici
720 818 820 869 maris
847 817 966 879 alluit,
990 818 1105 870 reddens
1133 833 1201 885 por-

19 903 21 952 }
108 899 161 942 turo
181 890 341 959 optabilem,
368 907 421 960 quo
446 907 539 941 omues
561 889 711 953 banorum,
738 888 919 954 Nemeorum,
942 892 1061 959 itemque
1082 887 1200 942 Sclero·

107 979 164 1014 rum
186 981 217 1014 ac
237 961 395 1015 Semborum
416 980 497 1014 naves
517 962 616 1033 aliique
637 961 740 1016 Scithie
760 963 851 1046 populi
867 981 916 1033 pro
935 961 1045 1014 dirersis
1061 978 1201 1014 commer-

19 1053 20 1086 1
108 1037 209 1087 ciorum
231 1036 433 1088 necessitatibus
453 1035 636 1104 sollempniter
656 1037 835 1088 convenire
823 1035 937 1089 s.olent¹
982 1034 1012 1087 ln
1039 1052 1071 1087 eo
1095 1035 1199 1104 igitur

19 1119 20 1144 ³
107 1117 184 1177 portu
206 1109 342 1160 consessor
359 1107 465 1160 Domini
486 1126 608 1175 egressus
628 1109 733 1162 insolita
752 1108 866 1194 populos
881 1109 1017 1178 appellare
1032 1107 1102 1177 cepit
1121 1108 1199 1175 lega·

107 1185 188 1234 tione.
214 1179 321 1250 Quippe
336 1179 457 1234 Sneones
476 1192 502 1233 et
520 1179 600 1234 Gothi
621 1190 764 1252 propter
784 1184 877 1234 varia
898 1192 1087 1251 temporum
1108 1180 1199 1249 peri-

107 1254 179 1306 cula
203 1265 230 1306 et
248 1272 339 1322 regum
355 1264 490 1306 cruentam
515 1255 688 1307 feritatem
709 1257 835 1307 cristiana
850 1254 985 1324 religionis
1001 1254 1109 1324 penitus
1122 1252 1198 1306 obliti

19 1333 21 1388 j
106 1327 222 1380 literant.
262 1327 327 1380 Sed
350 1327 484 1379 iaverrte
505 1329 615 1395 gratia
637 1327 697 1380 [lei
724 1336 851 1379 asancto
870 1337 946 1396 patre
966 1325 1035 1379 Unoi
1057 1328 1145 1379 denuc
1165 1327 1199 1378 ad

19 1395 21 1448 l
106 1401 183 1453 iidem
206 1402 321 1452 revocati
342 1403 431 1452 sunt².
470 1398 594 1452 Perfecto
614 1400 693 1468 igitur
717 1401 857 1469 legationis
879 1418 927 1451 sue
947 1399 1112 1462 ministerio,
1137 1417 1197 1451 cum
1269 1434 1271 1438 v

19 1501 21 1534 t
107 1473 156 1524 iam
174 1474 263 1525 redire
283 1474 437 1542 disponeret
453 1473 621 1540 ewangelista
639 1471 703 1534 Dei,
723 1474 874 1542 egritudine
886 1483 1026 1541 correptus
1040 1476 1109 1541 apud
1124 1470 1200 1543 Byr-

19 1575 21 1600 ε
106 1563 161 1597 cam
185 1546 247 1598 lessi
267 1545 406 1615 eorporis
415 1546 585 1598 sarcinam
612 1547 743 1616 deposuit.
791 1543 867 1598 Obiit
892 1556 978 1597 autem
1005 1555 1114 1615 peracto
1135 1543 1198 1596 boni

19 1633 21 1696 J
106 1618 258 1671 certaminis
278 1637 356 1671 rursu
377 1637 447 1670 anno
461 1619 611 1705 dominicae
631 1619 822 1671 incarnationis
841 1621 1045 1686 nongentesimo
1065 1619 1199 1671 tricesimo
1210 1626 1273 1680 936,
1362 1673 1365 1678 ,

19 1703 21 1762 ζ
106 1713 209 1762 senoss.
247 1691 315 1765 Cui
341 1692 523 1764 successit
546 1692 583 1763 in
609 1693 787 1766 cathedra
814 1693 1034 1765 venerabilis
1064 1692 1200 1765 Adhel-

19 1849 20 1860 2
105 1792 236 1863 daus

153 1819 236 1964 ς9
245 1893 436 1964 Conversio
450 1892 622 1964 Huroldi.
676 1893 819 1966 Eodem
835 1918 984 1989 quoque
999 1917 1096 1965 anno
1113 1917 1199 1964 con-

105 1991 190 2088 tigit
205 1993 440 2106 gloriosum
431 2004 592 2090 imperat
577 1991 720 2065 torem⁴
734 1993 949 2066 Heinricum
970 1993 1135 2090 migrare
1154 1993 1198 2064 de

105 2092 175 2164 hac
205 2093 290 2189 vita,
324 2104 360 2165 et
395 2095 621 2166 constitutus
649 2104 706 2166 est
739 2094 776 2165 io
804 2118 962 2191 regnum
990 2093 1090 2166 filius
1119 2093 1199 2165 eius
1293 2130 1297 2134 ·

19 2245 20 2248 ,
106 2191 208 2288 Otto7
227 2205 478 2292 cognomento
494 2195 665 2292 Magnus
707 2193 884 2281 Quicum
903 2218 1200 2292 regnarecepis

19 2305 20 2394 ss
107 2304 174 2390 set
205 2295 342 2366 multas
369 2318 573 2392 perpessus
603 2305 660 2367 est
678 2293 832 2366 iniurias
860 2320 881 2367 a
908 2294 1086 2367 fratribus
1109 2294 1198 2366 suis.

19 2399 21 2491 ᾖ
107 2349 184 2465 Reii
205 2395 569 2509 quoqueDanopum7
589 2395 651 2492 qui
671 2394 767 2494 patri
788 2395 867 2468 eius
887 2396 957 2468 fuit
969 2396 1084 2467 tribot
1069 2394 1199 2491 tarius,

19 2542 20 2577 ἐ
107 2494 246 2567 reiecto
262 2496 450 2568 servitutis
470 2522 571 2593 rugo7
590 2522 693 2568 arma
713 2495 893 2594 corripuit
907 2522 973 2594 pro
992 2495 1199 2569 libertate5

19 2594 21 2651 i
106 2591 425 2663 Etprimoomnium
444 2596 739 2667 marchionemqui
760 2595 1124 2665 eratapudSleswich,
1140 2613 1201 2666 que

19 2686 20 2709 1
107 2666 171 2719 alio
202 2670 332 2721 nomine
358 2667 512 2722 Heidebo
538 2670 677 2730 dicitur,
703 2687 772 2720 cum
800 2670 921 2737 legatis
947 2670 1035 2738 regis
1063 2666 1201 2722 Ottonis

106 2742 336 2805 obtruncarit,
356 2760 461 2794 omnem
480 2740 778 2806 Saxonumroloniam,
798 2742 1118 2813 qrreibidemerat,
1135 2743 1203 2794 lun-

19 2836 20 2891 g
107 2828 175 2883 airus
204 2832 390 2899 extinguensr.
449 2814 573 2887 Sclavi
602 2816 716 2897 etiam
743 2840 860 2888 novas
887 2839 948 2889 res
979 2817 1201 2889 affectantes
1291 2871 1294 2875 ι

19 2950 21 2999 t
106 2912 372 2986 nichilominus
391 2916 575 2989 rebellare
594 2916 713 2987 moliti
733 2927 832 3011 sunt‚
847 2916 976 2989 multis
995 2917 1204 2990 terroribus

19 3046 21 3109 3
106 3012 298 3085 Saxonum
319 3014 480 3087 confinia
499 3017 704 3113 pulsantes.
744 3033 801 3087 Rex
821 3033 902 3102 igitur
921 3031 998 3094 Ono,
1026 3033 1117 3085 arvino
1143 3032 1202 3085 tut-

19 3128 21 3161 2
107 3123 148 3166 tus
171 3114 286 3176 auxilio,
312 3116 368 3167 ubi
390 3116 501 3183 primum
523 3118 556 3167 de
576 3118 679 3169 insidiis
700 3117 812 3169 fratrum
833 3132 942 3168 suorum
963 3116 1134 3168 liberatus
1154 3125 1202 3180 est,

19 3234 20 3239 ,
106 3186 168 3239 iecit
189 3188 319 3239 iudicium
340 3199 364 3241 et
384 3188 511 3240 iustitiam
529 3190 627 3259 populo
644 3208 703 3242 suo.
732 3188 837 3241 Deinde
855 3198 994 3259 postquam
1010 3190 1099 3241 omnia
1113 3206 1203 3258 pene

19 3280 20 3283 ¹
106 3277 204 3328 regna,
228 3277 279 3330 que
299 3270 360 3329 post
379 3269 489 3313 mortem
512 3261 604 3314 Karoli
632 3263 800 3325 deiecerant,
826 3279 875 3313 suo
901 3263 1053 3331 subiugavit
1080 3262 1203 3331 imperio,

19 3360 20 3395 t
107 3332 131 3384 in
153 3332 246 3385 [lenos
266 3352 338 3385 arma
359 3336 496 3402 corripuit.
532 3334 724 3403 Transgressus
744 3334 826 3404 igitur
845 3353 905 3387 cum
922 3335 1038 3387 exercitu
1059 3336 1124 3386 fines
1142 3333 1203 3386 Da-

19 3414 21 3471 J
107 3423 215 3467 norum,
230 3408 275 3475 qui
297 3406 359 3457 olim
377 3407 483 3460 fuerant
503 3412 572 3478 apud
589 3408 731 3473 Sleswich,
753 3408 825 3460 lerro
845 3417 870 3459 et
889 3408 916 3458 iv
901 3425 951 3473 gne
968 3410 1079 3459 vastavit
1094 3425 1201 3461 omnem

107 3482 243 3547 regionem
272 3497 356 3549 osque
382 3482 413 3531 ad
442 3499 514 3533 marc
534 3481 721 3541 novissimum,
730 3482 814 3565 quod
835 3447 1034 3532 Northmannos
1058 3481 1203 3533 dirimita

19 3610 21 3619 s
106 3550 205 3614 Derris,
226 3560 251 3604 et
271 3570 356 3621 usque
376 3552 402 3605 in
423 3564 571 3623 presentem
592 3555 662 3606 diem
684 3552 822 3605 arictoria
839 3554 908 3621 regis
925 3552 1077 3606 Ottensund
1095 3554 1203 3609 dicitnr.

106 3621 157 3675 Cui
176 3624 335 3691 ingredienti
355 3624 490 3680 Haroldus
511 3645 565 3679 rex
586 3632 656 3697 apud
678 3626 807 3680 Sleswich
835 3626 935 3679 bellum
956 3627 1058 3691 intulit,
1084 3627 1112 3679 in
1139 3644 1203 3697 quo,

105 3698 228 3768 utrisque
248 3699 360 3751 viriliter
379 3700 604 3761 concertantibus,
628 3699 746 3752 Saxones
766 3700 875 3752 victoria
896 3700 971 3769 potiti
992 3709 1068 3762 suot,
1088 3708 1114 3751 et
1132 3699 1202 3752 Dani

19 3770 21 3835 j
106 3778 205 3839 terga
232 3780 407 3825 vertentes
435 3776 467 3825 ad
495 3790 575 3825 naves
602 3781 748 3827 cesserunt.
795 3770 916 3825 Tandem
943 3741 1143 3825 conditiohibus
1169 3773 1202 3824 ad

19 3848 21 3887 l
107 3860 199 3911 pacem
219 3844 369 3901 inclinatis.
395 3844 531 3897 Haroldus
552 3843 644 3898 Ottoni
665 3846 808 3909 subicitur,
833 3854 858 3897 et
878 3847 910 3896 ab
930 3862 963 3897 eo
983 3863 1093 3914 reguum
1114 3846 1203 3897 susci-

106 3917 198 3983 piam,
219 3918 420 3970 cristianitatem
442 3920 468 3970 in
489 3916 575 3971 Dania
595 3919 715 3988 recipere
734 3917 885 3988 spopondit.
925 3914 980 3971 Nec
1000 3936 1089 3981 mora,
1111 3918 1204 3985 bapti-

19 3994 21 4053 ξ
107 3997 180 4042 zatus
199 4000 241 4043 est
259 3990 315 4061 ipse
330 3990 465 4044 Haroldus
485 4010 545 4044 cum
566 4010 649 4045 uxore
665 4009 712 4044 sua
727 3990 845 4045 Gunnild
865 3999 892 4043 et
904 3990 960 4043 lilio
973 3991 1101 4061 parvulo,
1122 4007 1202 4061 quem

19 4080 20 4107 ³
109 4096 132 4167 1)
153 4096 396 4154 Deinde-solent
413 4118 445 4153 ex
465 4100 562 4153 Adami
582 4102 600 4153 l.
622 4100 642 4153 l.
663 4119 686 4153 c.
702 4100 746 4153 62.
836 4167 839 4171 Δ
864 4100 891 4167 2)
910 4100 942 4153 In
961 4104 1110 4153 eo—suat
1126 4098 1203 4150 indi-

19 4214 21 4253 5
107 4171 167 4223 dam
189 4172 269 4237 poa.
344 4173 370 4241 3)
391 4172 642 4237 Perfecto-sesto
662 4176 781 4226 indidem
802 4190 826 4225 c.
841 4171 885 4225 64.
942 4173 969 4236 4)
988 4171 1089 4240 Regem
1110 4170 1203 4225 Hein-

19 4254 21 4309 t
107 4244 192 4297 ricum
214 4246 310 4301 rectius
331 4246 442 4299 dixisset
461 4257 560 4300 noster.
619 4247 644 4317 5)
665 4246 769 4301 Similia
790 4262 815 4298 r.
835 4250 904 4315 apud
925 4244 1023 4299 Adam.
1044 4244 1061 4297 l.
1083 4243 1117 4298 ll.
1138 4263 1160 4299 c.
1175 4243 1201 4300 3.

19 4314 21 4349 ³
109 4318 133 4385 6]
153 4318 187 4371 Et
202 4323 330 4387 primo—
343 4322 498 4389 extinguens
517 4330 580 4374 sont
599 4321 655 4374 iere
675 4320 756 4373 rerba
777 4317 873 4372 Adami
895 4320 912 4372 l.
932 4317 966 4371 ll.
985 4335 1009 4369 c.
1024 4318 1049 4369 3.
