3000 4900
265 462 336 534 164
386 457 637 531 HELMOLDI
656 456 902 533 CHRONICA
920 455 1188 531 SLAVORUM.
1225 458 1315 532 LlB.
1334 459 1361 532 l.

262 683 338 759 que
355 657 534 733 desiliens
554 682 665 758 equo,
684 658 858 732 contrivit
875 660 922 731 de
937 656 1100 732 οοιιιο1
1091 658 1262 771 insignes
1278 684 1363 758 por·

260 772 385 836 tarum
409 760 566 856 frontes,
592 771 631 832 et
648 758 812 857 ingressi
833 757 984 854 atrium,
1004 758 1130 833 omnia
1150 770 1258 858 septa
1279 760 1363 834 atrii
1493 786 1494 817 ι

263 860 528 974 congessimus
547 859 689 933 circum
708 883 838 933 sacras
854 859 937 933 illas
953 863 1121 955 arbores,
1141 869 1179 933 et
1197 863 1243 933 de
1258 872 1362 933 strue
1493 856 1494 899 ³

261 961 476 1059 lignorum
466 960 603 1033 iniecto
617 960 706 1059 igne
716 960 877 1033 fecimus
889 984 1037 1057 pyram⁷
1052 970 1265 1034 nontamen
1279 962 1362 1034 sino
1493 958 1494 963 ’

262 1073 380 1157 metu,
406 1086 456 1134 ne
481 1062 578 1133 forte
596 1063 759 1134 tumultu
777 1060 985 1134 incolarum
1006 1065 1269 1157 obrueremur3
1297 1063 1364 1135 sed
1493 1114 1494 1147 2

261 1162 438 1236 divinitus
465 1162 624 1259 protecti
655 1186 798 1235 sumus.
844 1162 1035 1256 Posthac
1064 1161 1284 1235 divertimus
1316 1162 1362 1234 ad

261 1262 480 1360 hospitium,
506 1261 568 1336 ubi
585 1262 818 1335 Thessemar
844 1262 1013 1359 suscepit
1034 1285 1104 1334 nos
1125 1285 1211 1334 cum
1230 1261 1364 1357 grandi
1493 1282 1494 1285 ’

261 1374 455 1461 apparatu.
497 1362 577 1435 Nec
600 1372 728 1435 tamen
758 1361 878 1435 dulcia
898 1361 958 1436 vel
976 1362 1136 1435 iocunda
1155 1364 1263 1435 nobis
1284 1364 1363 1433 fue·
1493 1426 1494 1453 1

155 1542 160 1549 ,
261 1474 346 1536 rant
364 1463 585 1537 Sclavorum
610 1463 759 1560 pocula,
785 1486 829 1535 eo
857 1464 955 1559 quod
975 1461 1192 1535 videremus
1211 1486 1368 1560 compo·¹
1493 1454 1494 1503 ³

262 1566 328 1637 des
339 1564 534 1637 etdiversa
551 1557 828 1635 tormentorum
843 1586 998 1660 genera⁷
1019 1586 1091 1661 que
1105 1561 1363 1637 inferebantur
1493 1588 1494 1661 3

262 1663 486 1737 christicolis
503 1666 549 1735 de
562 1663 682 1736 Dania
697 1664 877 1738 advectis
904 1664 1133 1760 Aspeximus
1148 1662 1223 1735 illic
1237 1685 1363 1736 sacer·

262 1767 369 1837 dotes
388 1764 536 1836 Domini
555 1764 783 1862 captivitatis
802 1764 943 1837 diutina
962 1763 1179 1835 detentione
1194 1786 1363 1835 macera·

196 1960 199 1963 q
261 1875 335 1961 tos,
363 1865 496 1963 quihus
525 1865 727 1964 episcopus
756 1888 829 1937 nec
854 1864 889 1937 vi
918 1885 990 1936 neo
1017 1888 1131 1979 prece
1159 1864 1361 1937 subvenire

289 1976 420 2038 oterat
1493 2030 1494 2049 ,

198 2093 201 2097 ’
261 1991 285 2063 p
337 2066 509 2138 Prorrma
524 2066 583 2137 dre
598 2064 784 2138 dommrca
802 2063 1361 2162 convenitumversuspopulus
1493 2058 1494 2121 3

261 2176 362 2238 terre
377 2168 455 2238 adt
452 2190 560 2238 orum
574 2165 798 2260 Lubiceuse,
813 2176 851 2237 et
865 2166 1022 2238 veniens
1037 2169 1199 2239 domnus
1217 2164 1363 2262 episco·
1493 2176 1494 2203 t

262 2291 333 2365 pus
352 2264 482 2339 habuit
506 2270 663 2339 verbum
691 2265 963 2339 exhortationis
988 2268 1033 2339 ad
1055 2267 1218 2437 plebem,
1244 2274 1284 2336 ut
1304 2288 1362 2337 re·
1493 2334 1494 2353 ἶ

260 2367 357 2441 lictis
379 2367 514 2464 ydolis,
539 2366 708 2441 colerent
730 2390 847 2439 unum
867 2358 1001 2464 Deum
1031 2367 1092 2465 qui
1121 2376 1180 2438 est
1197 2366 1233 2437 in
1255 2359 1362 2462 celis⁷

262 2480 300 2541 et
313 2479 494 2568 percepta
509 2467 746 2565 baptismatis
761 2467 1172 2564 gratia‚renunciarent
1184 2467 1362 2564 operibus

262 2569 454 2667 malignis7
472 2569 599 2666 predis
620 2568 765 2643 scilicet
792 2578 829 2640 et
849 2567 1171 2643 interfectionibus
1193 2566 1363 2640 christia-

263 2694 410 2742 norum.
444 2671 613 2766 Cumque
628 2679 848 2766 perorasset
867 2673 911 2742 ad
932 2669 1096 2767 plebem
1120 2667 1362 2741 innuentibus

264 2770 415 2866 ceteris,
434 2770 486 2842 ait
498 2770 746 2842 Pribizlavus:
784 2768 898 2841 Verba
915 2776 992 2865 taa,
1008 2794 1029 2842 o
1045 2768 1260 2842 uenerabilis
1268 2791 1363 2861 pon·

262 2874 364 2967 tifex,
389 2870 501 2944 verda
526 2870 607 2942 Dei·
620 2877 708 2943 sunt
730 2875 766 2942 et
784 2869 898 2943 saluti
922 2876 1045 2943 nostre
1068 2893 1244 2966 conpraa.
1287 2866 1364 2940 Sed

263 2972 420 3069 qualiter
436 2969 682 3068 inprediemar
700 2970 797 3043 hanc
818 2973 929 3067 aiam,
946 2972 1060 3043 tantis
1082 2969 1191 3042 maiis
1206 2967 1362 3058 irretiti?
1493 2991 1494 3016 ι

268 3072 317 3144 Ut
325 3075 420 3146 enim
440 3071 634 3168 intellipere
650 3073 775 3164 possis
787 3073 1025 3156 afflictionem
1041 3077 1219 3166 nostram,
1238 3071 1365 3162 accipe

257 3176 442 3268 patienter
457 3173 568 3245 cerda
585 3195 689 3265 mca3
707 3170 870 3266 popalus
895 3173 987 3244 enim
1009 3194 1114 3267 quem
1132 3173 1279 3266 aspicis,
1294 3193 1363 3263 po·

259 3273 473 3369 palastrias
491 3279 554 3368 est,
582 3271 922 3345 etiastame'stnos
947 3272 1009 3344 tibi
1022 3271 1187 3366 pandere
1210 3272 1363 3343 necessi·

264 3382 378 3450 tutem
402 3380 579 3446 nostram
630 3372 749 3445 Porro
776 3375 866 3444 tui
853 3375 945 3445 raris
969 3375 1039 3445 erit
1061 3374 1220 3466 compati
1244 3371 1361 3444 nobis.

263 3475 449 3574 Principes
475 3478 568 3546 enim
594 3476 710 3547 nosti
735 3479 842 3546 tanta
865 3476 1054 3547 seueritate
1021 3479 1254 3570 tprassant
1253 3495 1299 3544 ar
1325 3474 1364 3544 in

264 3600 350 3672 nos
377 3582 422 3648 at
440 3582 557 3671 propt
556 3599 595 3646 er
622 3573 875 3669 aectipaliaet
893 3576 1048 3647 servitui
1047 3599 1100 3646 em
1125 3573 1364 3646 durissimam

263 3633 393 3750 melior
410 3679 461 3749 sit
475 3675 581 3748 nobis
597 3699 699 3748 mors
716 3697 829 3772 qaam
845 3677 933 3746 uita.
883 3675 1059 3747 taliccc
1075 3674 1157 3747 boc
1163 3697 1262 3748 anno
1280 3697 1361 3769 nos,

264 3777 490 3850 habitatores
507 3777 708 3849 breuissimi
725 3773 853 3870 anpati
869 3774 988 3871 haias,
1010 3775 1080 3848 bas
1097 3775 1195 3848 mille
1211 3797 1363 3847 marcas

265 3877 353 3950 daci
365 3876 619 3973 persolvimus,
633 3901 751 3970 porro
768 3877 892 3948 comiti
906 3875 1218 3972 retransmeant,
1237 3881 1363 3949 etnec·

264 3977 354 4051 dum
381 3981 567 4074 evicimus,
599 3977 664 4050 sed
690 3976 822 4050 cotidie
848 3979 1076 4072 emanpimar
1107 3984 1144 4050 et
1160 3978 1364 4071 premimur

263 4077 456 4176 usquead
479 4081 770 4152 exinanitionem.
818 4077 1009 4168 Quomodo
1035 4101 1121 4174 erpo
1148 4077 1363 4150 vacabimus

266 4234 291 4303 1)
311 4237 345 4288 de
364 4239 449 4304 conlo,
470 4235 504 4287 dc
524 4217 645 4299 consilio,
670 4235 743 4304 quod
764 4233 878 4288 sortasse
898 4232 1004 4304 scripsit
1023 4229 1195 4298 Helmuldus‚
1222 4232 1256 4286 de
1276 4230 1363 4285 indu-

264 4307 337 4362 stria.
410 4306 438 4379 2)
458 4315 564 4361 centurn
584 4306 678 4360 talium
699 4323 860 4361 marcarum.
