3000 4900
149 473 401 549 HELblOLDl
421 474 666 550 CHRONlCA
684 475 952 551 SLAVORUM.
980 474 1069 550 LlB.
1085 477 1112 551 Ι.
1165 483 1213 553 37

112 675 276 750 sociavit
300 675 494 776 coniugi03
520 687 666 752 ceteras
690 677 870 778 virgines,
896 702 969 775 que
993 676 1131 752 ibidem
1157 703 1215 752 re·

111 787 224 876 perte
251 787 349 870 sunt,
377 788 442 850 aut
468 777 649 850 militibus
675 778 753 853 suis
784 789 945 878 nuptum
971 777 1123 851 tradidit
1149 789 1216 852 aut

112 879 154 950 in
172 888 314 952 terram
323 878 532 952 Wilzorum
546 878 625 952 sive
637 878 829 953 llanorum
847 878 1069 969 transmisit,
1083 878 1214 977 sicque

113 978 391 1052 monasterium
408 979 499 1051 illud
515 980 698 1054 desolatio
714 990 920 1055 consecuta
931 989 999 1054 est.
1019 978 1215 1077 Siquidem

114 1079 154 1152 in
173 1079 304 1152 diebus
322 1078 408 1176 illis,
432 1080 673 1179 permittente
692 1080 772 1155 Deo
799 1089 957 1180 propter
972 1091 1130 1179 peccata
1148 1082 1215 1153 ho-

114 1179 273 1276 minum,
293 1197 466 1268 perturbata
483 1205 524 1251 eat
542 1196 720 1272 'apudDanos
740 1197 935 1253 etSclarca
956 1197 1215 1268 tranquillitas,

113 1289 141 1333 et
157 1279 277 1350 pulcbria
297 1279 387 1334 divine
417 1279 557 1350 religionis
583 1280 808 1335 incrementis
832 1281 958 1334 inimicus
983 1279 1065 1332 bomo
1083 1297 1216 1351 superse-

114 1353 220 1406 minare
237 1352 337 1406 zizania
358 1363 469 1408 conatus
489 1363 537 1408 est
575 1352 677 1422 Apud
700 1352 818 1407 Danas
836 1353 909 1408 enirn
929 1351 1014 1406 Suein
1035 1351 1115 1416 Otto,
1143 1353 1215 1407 lilius

114 1425 383 1480 cristianissirni
413 1426 508 1498 regis
535 1425 667 1488 llaroldi,
703 1426 889 1498 dyabolica
912 1424 1041 1496 spiritu
1067 1425 1216 1479 iollam-

115 1509 239 1563 matos,
260 1499 357 1552 multas
376 1499 502 1553 adversus
519 1508 620 1570 patrem
638 1499 746 1553 molitus
763 1508 804 1554 est
821 1499 948 1564 insidias,
969 1498 1111 1570 cupiens
1131 1515 1214 1564 eum,

113 1589 193 1661 quasi
208 1587 352 1658 longevum
371 1597 399 1642 ct
415 1589 503 1643 minus
519 1589 647 1654 validum,
662 1606 746 1659 regno
763 1592 909 1660 privare¹
930 1581 1077 1672 etopus
1091 1572 1214 1647 tllvlne

114 1671 360 1770 plantationis
371 1672 416 1746 de
430 1671 566 1744 finibus
576 1672 772 1746 Danorum
785 1672 935 1771 penitus
949 1673 1212 1749 exterminare.

114 1772 306 1847 Haroldus
326 1782 466 1871 autem,
493 1784 535 1845 ut
553 1797 668 1871 supra
687 1773 828 1846 dictum
852 1784 922 1870 est,
948 1774 1113 1873 primum
1137 1775 1215 1873 qui·

113 1873 387 1972 demgentilis,
414 1873 547 1948 deinde
566 1873 696 1973 magni
720 1872 838 1973 patris
856 1875 952 1948 Unui
978 1875 1149 1949 doctrina
1166 1877 1212 1950 ad

113 1975 230 2048 fidem
250 1973 362 2047 Cristi
388 1997 605 2074 conversus,
631 1984 736 2048 tanta
759 1999 800 2049 se
819 1999 910 2073 erga
929 1976 1134 2049 Dominum
1153 1977 1214 2050 de·

113 2074 268 2150 votione
296 2075 463 2149 exercuit
489 2085 631 2148 utnon
657 2075 865 2160 surrexerit
891 2075 1025 2148 similis
1053 2076 1086 2151 ei
1116 2076 1215 2151 inter

114 2200 250 2250 omnes
268 2200 380 2274 reges
394 2177 601 2273 Danorum,
629 2176 691 2274 qui
713 2186 860 2249 tantam
885 2176 1072 2274 aquilonis
1090 2177 1215 2252 latitu-

114 2277 243 2353 dinem
261 2277 307 2350 ad
326 2276 440 2351 fidem
455 2277 576 2352 divine
591 2277 817 2376 cognitionis
834 2277 990 2350 traxerit
1009 2289 1047 2352 et
1060 2303 1215 2353 omnem

113 2377 435 2454 terramecclesiis
447 2389 484 2453 et
494 2375 987 2453 sacerdotibusfeeeritesse
997 2378 1216 2478 insignem.

115 2480 237 2553 Huius
255 2478 325 2553 viri
343 2478 526 2553 industria
544 2480 582 2552 in
601 2478 734 2553 divinis
754 2479 904 2577 quidem
922 2481 1035 2553 rebus
1051 2480 1123 2553 fuit
1140 2480 1215 2554 exi-

113 2582 204 2679 mia,
218 2580 485 2654 nichilominus
503 2592 631 2654 tamen
659 2578 775 2654 etiam
797 2579 835 2651 in
857 2579 1048 2653 mundana
1067 2580 1214 2680 sapien-

114 2682 179 2755 tia.
203 2681 245 2754 ln
259 2680 332 2754 hiis
345 2680 519 2756 videlicet
536 2706 608 2780 que
623 2682 668 2754 ad
683 2675 790 2780 regni
804 2681 1118 2780 gubernationem
1128 2708 1214 2781 per·

111 2783 235 2857 tinere
261 2781 445 2880 videntur,
465 2784 557 2856 adeo
578 2782 724 2880 claruit,
754 2808 788 2854 ut
809 2801 881 2870 teges
907 2809 935 2855 et
959 2798 1213 2866 innumeris,

113 2901 166 2955 quo
181 2899 231 2953 pro
248 2882 393 2937 autoritate
408 2882 457 2935 riri
474 2901 528 2937 non
544 2884 632 2935 solum
649 2880 732 2935 Dani
753 2883 800 2934 sed
817 2890 844 2935 et
860 2880 1008 2936 Saxones
1027 2883 1116 2935 adbuc
1132 2882 1216 2937 bodie

112 2973 222 3011 serrare
242 2956 437 3011 contendunt&
466 2954 738 3011 concitantibus
758 2954 869 3025 igitur
888 2956 954 3018 bis,
975 2956 1032 3025 qni
1052 2954 1121 3008 Deo
1140 2972 1215 3009 ser-

111 3032 188 3083 vire
209 3038 242 3083 at
261 3046 346 3100 pace
372 3029 443 3098 regi
469 3029 734 3092 detrectabant,
763 3027 833 3081 Dani
862 3028 984 3082 unanimi
1015 3028 1214 3098 conspiratione

112 3102 317 3157 cristianitatem
335 3100 552 3165 abdicarunt,
573 3110 599 3156 ct
618 3109 765 3155 statuentes
785 3101 930 3172 impium
940 3099 1024 3155 Suein
1044 3102 1071 3154 in
1092 3120 1213 3172 regnum,

111 3176 205 3247 patri
227 3175 301 3230 eius
320 3172 444 3229 Haroldo
463 3175 564 3229 bellum
584 3175 714 3229 indicunt.
744 3172 806 3239 -Qui
833 3174 896 3229 licet
922 3177 955 3229 ab
979 3174 1057 3229 initio
1076 3176 1151 3245 regni
1170 3174 1213 3228 sui

112 3264 222 3321 semper
240 3266 314 3319 spem
335 3266 410 3301 suam
431 3249 458 3301 in
476 3245 537 3302 Deo
557 3250 685 3318 posuerit,
707 3247 750 3301 rel
777 3257 841 3301 tunc
862 3249 977 3301 maxime
996 3246 1114 3302 Domino
1133 3265 1214 3301 com-

113 3321 252 3376 mendarit
270 3330 394 3375 eventurn
415 3320 469 3386 rei,
495 3338 548 3375 non
568 3332 622 3376 tam
643 3320 737 3374 dolens
756 3339 804 3374 sua
825 3321 944 3390 pericula
970 3339 1051 3393 quam
1072 3320 1119 3374 lilii
1140 3320 1214 3375 deli-

112 3398 209 3449 ctum⁴
234 3403 267 3448 et
293 3394 443 3449 ecclesie
467 3395 654 3464 angustias.
706 3392 861 3447 Cernens
891 3404 999 3447 autem
1029 3393 1212 3449 tumultum

111 3485 181 3521 non
201 3484 302 3538 posse
320 3466 440 3521 sedari
460 3467 538 3522 sine
558 3467 687 3537 prelio,
707 3483 799 3519 arma
819 3467 964 3537 sumpsit
982 3467 1128 3530 inritus,
1148 3468 1214 3520 ad-

111 3541 336 3595 hortantibus
356 3541 407 3595 bis
434 3540 492 3611 qui
513 3540 658 3595 Domino
684 3548 717 3593 et
745 3541 817 3610 regi
845 3557 906 3594 suo
931 3539 1036 3594 iidem
1064 3540 1215 3593 inviola-

110 3626 180 3669 tam
207 3612 373 3667 exhibere
396 3614 606 3668 nitebantur.
650 3610 795 3666 Ventum
816 3622 869 3667 est
892 3613 1057 3684 igitnrad
1078 3612 1212 3667 bellum.

9 3712 10 3729 t
109 3686 453 3758 lnquoconssictuvicta
474 3696 593 3756 estpars
614 3684 727 3739 Haroldi
753 3685 1020 3757 cecideruntque
1042 3685 1213 3741 vulnerati

110 3760 220 3814 multi.
243 3758 305 3833 lpse
318 3756 381 3814 tero
395 3758 532 3813 Haroldus
546 3758 662 3829 graviter
675 3759 811 3813 sauciatus
825 3759 895 3827 luqit
908 3776 940 3811 er
954 3760 1026 3823 acie,
1047 3775 1213 3829 ascensaque

109 3834 174 3888 nari
196 3832 302 3903 elapsus
321 3842 361 3887 est
387 3835 419 3886 ad
450 3832 585 3886 civitatem
614 3830 881 3903 opinatissimam
901 3830 1074 3894 Sclarcrum,
1103 3832 1213 3886 nomine

109 3906 324 3961 lumnctam⁵.
347 3904 397 3974 Ubi
411 3915 501 3976 preter
513 3922 597 3978 spem,
611 3905 673 3975 quia
688 3904 831 3958 barbari
845 3913 933 3963 erant,
947 3903 1064 3957 bumana
1077 3912 1212 3974 receptus,

109 3989 174 4051 post
186 3980 290 4050 aliquot
303 3980 361 4033 dies
374 3998 406 4034 ex
419 3982 515 4033 eodem
525 3979 636 4032 rulners
647 3978 784 4040 delicians,
797 3977 825 4031 in
837 3976 918 4032 Criati
929 3976 1100 4031 confessione
1112 3976 1211 4046 migra·

108 4054 159 4119 rit,
180 4052 426 4107 adscribendus
452 4070 515 4107 non
544 4052 653 4106 solum
674 4051 768 4104 iuter
783 4049 855 4105 Deo
875 4050 996 4121 dignos
1016 4066 1126 4119 reges,
1150 4052 1209 4104 sed

110 4183 137 4246 tt
158 4184 360 4243 Perturbata-
371 4188 480 4253 privare
499 4200 530 4236 ex
550 4182 649 4239 Adurni
670 4181 687 4237 l.
706 4180 746 4239 tl.
761 4198 785 4235 c.
798 4178 844 4234 25.
924 4180 953 4252 2)
972 4178 1030 4234 Ctr.
1049 4178 1101 4231 aa.
1116 4176 1152 4241 ll,
1164 4178 1210 4231 26.

11 4266 13 4283 '
107 4257 137 4324 3)
156 4262 187 4311 ut
205 4258 319 4327 lsqss-
331 4259 492 4312 contendunt
511 4274 542 4310 cx
560 4253 660 4311 Adami
679 4254 697 4307 l.
718 4252 754 4309 lt.
774 4252 857 4308 aas
1003 4251 1031 4322 4)
1051 4250 1092 4305 Er
1111 4250 1210 4306 Adurni

107 4329 128 4383 l.
148 4326 185 4383 ll.
206 4347 227 4382 c.
242 4328 288 4383 25.
364 4330 391 4401 5)
407 4329 528 4384 lndidam
548 4344 694 4400 parumper
713 4326 821 4383 mutatis
840 4326 938 4380 verbis.
