3000 4900
292 422 340 494 32
391 416 641 492 HELMOLDI
659 415 904 490 CHRONICA
923 415 1190 491 SLAVORUM.
1217 416 1305 490 LlB.
1321 417 1348 488 l.

291 617 332 671 nis
351 617 503 681 nationum,
523 616 636 670 feliciter
656 617 778 688 migrarit
797 619 829 670 ad
850 616 995 670 Dominum
1015 625 1043 670 et
1060 616 1180 686 sepultus
1202 626 1242 672 est
1267 619 1295 670 in
1314 617 1387 670 ciri-

290 699 343 743 tate
362 706 409 743 sua
430 689 605 760 Magdeburg.
635 687 685 743 Cui
705 690 776 743 filius
796 687 860 744 Otto
882 691 1022 743 medianus
1041 693 1197 752 succedens,
1217 708 1264 760 per
1285 690 1318 741 10
1332 708 1386 741 an-

291 781 340 816 nos
359 772 486 816 strennue
505 763 663 832 gubernavit
681 763 832 833 imperium.
859 762 885 815 la
904 763 991 816 statim
1005 761 1131 816 bethario
1147 772 1173 816 et
1187 762 1388 817 carolaman-

291 852 383 889 corum
404 837 513 905 regibus
532 836 664 900 subactis,
683 853 744 888 curu
763 836 792 888 in
805 833 958 889 Calabriam
975 835 1076 889 bellum
1094 835 1263 899 transferret,
1284 833 1388 888 aSar-

217 899 395 963 983·raccnia
415 919 441 962 et
455 907 548 963 Grecis
564 909 648 961 victor
666 917 692 964 et
706 909 791 962 victus
811 911 881 979 apud
893 907 1006 962 Romam
1027 909 1199 962 discessit.
1231 907 1274 961 llli
1289 909 1387 962 tertius

291 979 372 1045 Otto,
391 999 451 1035 curn
471 981 559 1035 adhuc
579 991 649 1034 esset
670 999 750 1050 puer,
772 981 799 1034 in
819 999 930 1052 regnum
950 983 1125 1044 substitutus,
1146 997 1229 1035 annos
1249 983 1389 1034 decentet

291 1062 353 1108 octo
373 1054 435 1108 forti
456 1063 482 1107 et
501 1054 572 1107 iusto
591 1064 725 1124 sceptrum
745 1056 851 1108 ornarit
869 1055 991 1124 imperio.
1235 1051 1240 1057 ’

364 1125 468 1180 Eodem
486 1136 605 1197 tempore
620 1127 791 1180 Hermannus
804 1129 856 1180 dur
870 1126 1005 1181 Saxonum
1019 1126 1128 1194 obiens,
1148 1127 1275 1181 heredem
1289 1143 1389 1180 susee-

292 1199 331 1270 pit
356 1199 440 1253 lilium
462 1197 632 1261 bennonem,
652 1200 698 1270 qui
724 1201 804 1253 etiam
829 1201 975 1254 virbonus
995 1201 1117 1254 etfortis
1137 1209 1315 1263 memoratur,
1336 1217 1388 1251 ex-

291 1299 370 1360 cepto
393 1290 464 1360 qnod
485 1293 650 1360 degenerans
676 1307 691 1342 a
717 1299 793 1360 patre
818 1293 945 1361 populum
965 1291 1058 1360 rapina
1078 1290 1223 1360 gravavitl.
1278 1273 1387 1366 Apud
1485 1294 1486 1297 ’

290 1373 508 1470 Aldenburg
527 1373 701 1446 defuncto
716 1373 918 1446 Ecwardo²
936 1372 1284 1471 successitWago³.
1318 1371 1387 1443 llic

290 1472 330 1544 in
345 1496 494 1545 summa
506 1473 757 1571 prosperitate
776 1473 873 1547 inter
886 1473 1044 1547 Sclavos
1058 1476 1200 1572 degens
1215 1498 1389 1546 sororem

292 1574 411 1647 fertur
437 1573 614 1646 habuisse
645 1573 871 1670 speciosam,
903 1600 1016 1671 quam
1044 1573 1202 1673 appetiit
1231 1567 1389 1672 regulus

293 1672 563 1770 Obotritorum,
589 1673 741 1746 nomine
768 1672 904 1772 Billng.
957 1675 1127 1772 Cumque
1156 1673 1392 1772 allegationi·
1485 1756 1486 1761 η

293 1775 362 1847 bus
390 1772 530 1846 crebris
559 1773 777 1871 pontificem
800 1799 914 1872 super
931 1776 1004 1847 hoc
1022 1776 1175 1874 negotio
1195 1775 1391 1848 convenis-

219 1882 222 1892 '
294 1884 363 1970 set,
383 1873 534 1969 quidam
552 1874 796 1947 familiarium
816 1874 982 1973 episcopi
998 1876 1218 1974 petitionem
1236 1876 1392 1948 incauta
1485 1958 1486 1969 ,

292 1975 493 2047 verborum
512 1973 646 2047 iniuria
660 1977 892 2072 repulerunt,
913 1977 1091 2074 dicentes,
1107 1977 1288 2050 iniustum
1303 2000 1391 2050 esse

292 2074 586 2174 pulcherrimam
605 2075 790 2173 virginem
809 2075 949 2148 inculto
970 2087 1007 2149 et
1026 2077 1166 2175 agresti
1180 2077 1260 2150 viro
1276 2101 1393 2175 copu-

291 2175 383 2247 lare.
420 2174 544 2262 Quam
562 2174 625 2247 ille
645 2176 913 2250 contumeliam
929 2176 1227 2250 dissimulatione
1242 2201 1392 2275 repres-

293 2274 353 2371 sit,
373 2283 411 2348 et
429 2275 568 2348 amoris
588 2274 740 2348 stimulo
761 2276 971 2350 concitatus
999 2302 1131 2375 preces
1157 2278 1294 2351 iterare
1312 2301 1392 2349 non

293 2374 444 2449 destitit.
497 2372 649 2454 'fimens
678 2387 804 2452 autem
832 2377 1045 2476 episcopm,
1073 2403 1120 2453 ne
1144 2378 1304 2453 ecclesie
1324 2403 1392 2451 no-

291 2475 389 2551 velle
409 2476 561 2574 gravius
586 2477 724 2574 aliquid
744 2478 876 2552 exinde
896 2491 1119 2578 emergeret,
1145 2479 1393 2578 postulationi
1486 2564 1488 2567 y

294 2577 374 2651 eius
389 2578 519 2651 favore
538 2579 738 2676 concurrit,
755 2580 841 2653 data
861 2580 895 2653 ei
915 2604 1046 2654 sorore
1060 2604 1129 2654 sua
1148 2580 1185 2652 in
1200 2579 1390 2677 coningio.
1486 2675 1487 2678 Ἴ

293 2676 509 2751 Procreavit
540 2688 667 2751 autem
694 2703 739 2752 ex
772 2705 817 2753 ea
843 2680 974 2773 filiam,
1014 2681 1166 2754 nomine
1192 2681 1390 2777 Hodicam,

293 2803 407 2875 qnam
426 2777 606 2876 pontifeir,
622 2781 829 2853 avunculus
849 2780 941 2878 eins,
957 2781 1187 2855 monasterio
1201 2780 1393 2879 virginum

293 2876 543 2951 contraditam
575 2889 613 2952 et
643 2880 761 2952 sacris
788 2880 923 2955 litteris
956 2882 1129 2955 edoctam
1160 2881 1392 2955 abbatissam

293 2978 452 3078 prefecit
477 2978 695 3078 virginibuS,
723 3004 796 3077 que
822 2984 1009 3079 degebant
1026 2981 1279 3081 lllikilinburg,
1301 3006 1392 3080 curn

292 3090 420 3152 tamen
440 3080 599 3151 necdum
623 3082 857 3177 pervenisset
884 3084 929 3154 ad
949 3107 1078 3156 annos,
1125 3083 1233 3171 Quod
1260 3082 1393 3179 utique

293 3180 410 3252 frater
436 3178 515 3252 eius
535 3179 702 3253 Missizla
729 3207 819 3279 egre
846 3181 950 3274 tulit,
978 3182 1085 3280 odio,
1109 3184 1198 3258 licet
1225 3185 1390 3280 occulto,

293 3278 503 3352 concitatus
532 3280 707 3355 cristiane
726 3282 931 3381 religioniS,
951 3283 1088 3357 timens
1108 3284 1233 3380 etiam,
1248 3309 1296 3357 ne
1314 3284 1390 3355 hoc

294 3381 467 3477 exemplo
482 3381 703 3478 peregrinus
718 3407 802 3455 mos
820 3382 894 3455 illis
913 3384 951 3455 in
966 3383 1134 3481 partibus
1148 3384 1387 3457 inolesceret.

292 3481 442 3553 Patrem
461 3491 588 3555 autem
607 3482 824 3579 frequenter
841 3484 1024 3583 coarguit,
1052 3484 1158 3582 quasi
1178 3485 1240 3581 qui
1259 3495 1390 3558 mente

293 3581 478 3655 alienatus
504 3605 758 3679 supervacuas
784 3584 956 3681 diligeret
989 3585 1289 3681 adinventiones,
1317 3610 1390 3658 nec

292 3680 443 3755 timeret
469 3681 600 3778 patriis
628 3685 812 3781 derogare
839 3685 999 3782 legibue,
1022 3686 1126 3784 prius
1145 3685 1296 3782 quidem
1323 3687 1390 3757 du-

293 3805 382 3855 cens
402 3807 558 3855 uxorem
572 3780 828 3881 Teutonicum,
844 3785 976 3859 deinde
995 3786 1113 3859 filiam
1131 3810 1241 3859 suam
1259 3810 1391 3859 mona-

294 3881 387 3954 stice
414 3881 589 3956 clausnre
616 3887 851 3959 contradens,
895 3886 1064 3983 Cumque
1092 3886 1150 3958 his
1173 3886 1296 3960 verbis
1323 3912 1390 3984 pa-

293 3993 389 4056 trem
405 3982 532 4079 sepius
558 3996 771 4080 exacueret,
792 3985 855 4060 ille
870 3986 970 4084 cepit
986 3987 1127 4060 sensim
1146 3985 1246 4060 flecti
1261 3987 1389 4060 animo

296 4109 320 4175 l)
340 4109 460 4163 Anno-
470 4114 592 4179 gravavit
610 4128 642 4165 en
657 4111 756 4168 Adami
770 4114 788 4166 l.
800 4112 833 4167 ll.
848 4133 871 4167 c.
885 4113 930 4168 21.
973 4114 999 4186 2)
1017 4114 1163 4169 Ecwardus
1178 4114 1391 4169 oblitterata.

294 4182 365 4235 circa
386 4200 484 4235 annum
506 4182 568 4238 973.
660 4185 687 4252 3)
706 4184 794 4256 Wego
814 4187 889 4239 audit
908 4190 978 4257 apud
999 4186 1134 4241 aldamum
1153 4188 1172 4242 l.
1193 4188 1213 4241 l.
1233 4206 1257 4243 c.
1270 4188 1315 4254 24,
1341 4189 1391 4258 qui

294 4256 364 4309 sedit
383 4272 470 4326 usque
489 4259 522 4310 ad
542 4273 626 4312 annos
646 4259 716 4313 ferre
736 4258 907 4312 sss-988.
999 4327 1002 4336 ¹
