3000 4900
303 427 374 501 192
426 423 672 497 emoleret
692 423 931 499 curonlct
950 423 1219 499 SLAVORUM.
1253 384 1400 499 omn.

300 626 515 703 scribentes
531 623 644 722 digna
664 623 843 722 indignis,
870 624 1021 701 laudem
1041 624 1175 722 quibus
1192 648 1270 697 non
1284 626 1401 709 ‚debe-

297 732 410 803 batur
435 726 542 820 laus‚
576 724 879 803 benedictionem
909 724 1048 839 quibus
1076 749 1152 799 non
1181 736 1264 799 erat
1288 729 1402 804 beoc-

301 828 423 901 dictio.
472 827 556 914 Quo
581 835 710 899 contra
735 824 798 898 alii
822 825 906 897 odio
930 825 1105 899 concitati
1124 826 1250 899 minus
1267 847 1404 925 peper-

301 953 367 1004 cer
370 939 435 1002 unt
449 926 647 1040 obloquiis,
661 936 864 1024 querentes
878 926 1005 999 locum
1023 925 1247 1026 calumpniis
1258 938 1296 1000 et
1307 952 1403 1025 quos

303 1053 419 1103 manu
450 1027 676 1126 nequibant
702 1026 825 1101 acrius
847 1025 976 1124 lingua
1000 1027 1247 1103 insectantes.
1290 1028 1403 1101 Tales

302 1131 472 1230 prolecto
492 1138 593 1202 sunt.
585 1128 674 1226 qui
693 1138 838 1225 ponunt
853 1127 978 1201 lucem
998 1127 1198 1202 tenebras¹
1219 1138 1258 1202 et
1276 1128 1403 1202 dicunt

304 1241 453 1308 noctem
486 1228 598 1301 diem
643 1228 716 1301 Sed
745 1252 817 1301 nec
849 1228 1048 1327 aliquando
1077 1230 1277 1303 defuerunt
1308 1229 1406 1303 inter

303 1332 509 1429 scriptores
523 1330 609 1443 'qui‘
626 1339 782 1427 propter
804 1331 972 1442 dampna
1001 1354 1127 1402 rerum
1153 1341 1193 1403 et
1214 1330 1402 1403 cruciatus

305 1455 505 1531 corporum
519 1430 737 1527 impietates
757 1429 967 1542 principum
983 1430 1174 1527 publicare
1189 1430 1405 1517 timuerunt.

302 1533 493 1607 Venialius
513 1542 640 1603 autem
661 1540 732 1624 est
750 1530 949 1603 veritatem
969 1531 1135 1604 tacuisse
1152 1536 1198 1605 ob
1214 1530 1407 1645 pusillani-

304 1635 474 1708 mitatem
490 1631 643 1728 spiritus
658 1641 696 1703 et
706 1640 993 1727 tempestatem,
1012 1656 1125 1730 quam
1141 1636 1187 1707 ob
1203 1657 1312 1745 spem
1327 1632 1405 1704 ina-

220 1784 223 1789 -
301 1737 361 1809 nis
389 1732 481 1807 lucri
508 1730 666 1805 linxisse
692 1730 943 1805 mendacium.
987 1732 1032 1805 ln
1056 1732 1347 1831 exprimendis
1337 1731 1405 1829 rgi-

304 1848 365 1909 tur
383 1834 528 1908 actibus
540 1832 754 1927 hominum,
773 1832 916 1905 veluti
907 1857 943 1904 m
965 1834 1228 1934 exsculpendis
1245 1833 1408 1908 subtilis-

305 1937 412 2011 simis
432 1934 623 2048 celaturiS,
649 1932 838 2007 sincerum
867 1956 1022 2032 semper
1039 1945 1188 2050 qportet
1211 1958 1299 2009 esse
1319 1956 1406 2007 con-

304 2034 543 2112 siderationis
570 2034 758 2147 intuitum,
785 2033 861 2131 qui
869 2058 941 2107 nec
965 2036 1085 2131 gratia
1114 2059 1185 2107 nec
1215 2036 1298 2107 odio
1333 2060 1406 2108 nec

273 2151 276 2155 '
306 2161 446 2251 pavore
466 2160 488 2209 a
506 2134 676 2207 veritatis
695 2134 755 2206 via
783 2136 999 2208 deducatur.
1044 2136 1150 2223 Quod
1178 2136 1264 2234 quia
1290 2136 1406 2208 multe

305 2236 438 2351 peritie
472 2246 550 2331 est,
582 2236 658 2307 imo
688 2235 852 2307 maxime
885 2236 1071 2333 sollertie‚
1106 2236 1404 2334 gubernaculum
1490 2230 1491 2305 ι

305 2338 479 2413 videlicet
514 2335 703 2409 sermonis
739 2335 838 2407 inter
873 2336 945 2409 hec
981 2339 1221 2454 scopulorum
1250 2337 1408 2435 impedi·

289 2427 468 2514 'menta
459 2461 728 2511 mconcossum
752 2436 929 2535 dirigere,
957 2436 1082 2511 divina
1101 2437 1192 2512 mihi
1212 2437 1333 2536 pietas
1353 2438 1408 2509 in·

304 2541 446 2615 tentius
474 2550 533 2612 est
560 2539 776 2652 exoranda,
791 2549 843 2629 ut,
872 2539 957 2636 quia
978 2564 1116 2612 navem
1143 2539 1408 2638 descriptionis

306 2666 401 2715 ausu
428 2639 627 2752 quodem
618 2637 823 2736 improviso
852 2639 975 2736 magis
1004 2664 1117 2738 quam
1140 2639 1341 2713 temerario
1368 2640 1406 2711 in
1489 2699 1490 2724 q

306 2743 423 2815 altum
443 2739 618 2815 dedm‘rifi
584 2763 690 2836 ipsa
711 2737 918 2835 opitulante
940 2749 978 2812 et
990 2738 1102 2814 ssatus
1120 2743 1308 2814 secundos
1323 2740 1409 2814 diri·
1489 2779 1490 2801 ι

306 2852 421 2941 geute
441 2843 648 2953 perducere
675 2863 827 2912 merear
853 2842 898 2912 ad
917 2840 1004 2914 litus
1025 2843 1148 2915 debite
1168 2865 1407 2915 consumma·

305 2942 452 3017 rionis2.
498 2939 670 3038 Alioquin
695 2945 742 3014 ob
768 2939 1027 3015 difficultatem
1059 2941 1407 3040 ingravescentium
1488 3019 1489 3032 ἶ

303 3068 509 3118 causarum
528 3053 566 3115 et
582 3045 809 3139 depravatos
827 3066 954 3116 mores
973 3043 1184 3142 principum
1199 3042 1309 3116 facile
1325 3066 1410 3140 per·
1488 3037 1489 3096 l

262 3201 267 3211 .
304 3149 525 3218 turbabora
547 3142 682 3215 timore
709 3142 918 3216 hominum
962 3145 1099 3258 Magne
1129 3155 1255 3216 autem
1276 3167 1411 3216 conso·

303 3245 457 3319 lationis
485 3254 545 3317 est
570 3240 853 3316 firmamentum
882 3245 1057 3320 omnibus
1079 3244 1228 3346 veritati
1246 3244 1409 3318 inniten·
1487 3335 1488 3346 ἵ

304 3347 419 3462 tibus,
444 3345 531 3444 quia
554 3343 710 3440 veritas,
738 3343 810 3418 etsi
836 3367 1106 3458 nonnunquam
1132 3345 1257 3444 impiis
1279 3345 1409 3417 odium
1487 3355 1488 3422 l

304 3445 465 3546 pariat³
482 3445 565 3544 ipsa
581 3455 710 3518 tamen
725 3445 762 3517 in
777 3469 821 3519 sc
840 3444 1067 3521 inconcussa
1086 3469 1316 3546 permanens
1331 3469 1410 3518 non

303 3547 522 3643 offenditur,
541 3546 640 3620 sicut
657 3556 696 3619 et
717 3546 820 3642 egris
840 3547 958 3620 oculis
981 3547 1110 3622 odiosa
1130 3549 1193 3621 lux
1212 3557 1284 3646 est,
1310 3549 1410 3644 quod
1485 3597 1487 3644 3

305 3674 383 3722 non
401 3647 496 3720 lucis
519 3648 586 3721 sed
606 3646 828 3744 egritudinis
846 3648 1042 3722 oculorum
1063 3649 1171 3746 culpa
1191 3649 1412 3721 dinoscitur.
1486 3647 1487 3682 r

308 3751 384 3825 Sed
412 3759 450 3822 et
466 3748 590 3821 omnis
608 3748 855 3822 considerans
874 3750 1017 3822 vultum
1038 3749 1242 3823 nativitatis
1261 3746 1354 3822 sue‘
1373 3747 1411 3819 io

311 3922 335 3991 1)
354 3935 455 3991 ponere
473 3922 597 3976 tenebrae
616 3925 708 3978 lucem.
736 3919 835 3976 Esaiae
855 3939 879 3975 c.
900 3921 924 3980 5.
944 3940 970 3977 v.
988 3923 1034 3975 20.
1109 3922 1136 3994 2)
1155 3921 1295 3976 Helmoldi
1315 3920 1412 3974 auimo

309 3993 522 4050 obversabantur
546 4011 617 4064 quae
641 3993 764 4050 Adamus
789 3991 943 4048 bremensis
972 3993 1120 4066 scripsitl.
1140 3993 1190 4049 lll.
1217 4013 1240 4048 c.
1264 3993 1292 4046 l:
1334 3995 1412 4047 Unde
1484 3989 1486 4026 ³

308 4071 386 4124 Me
410 4074 439 4123 et
452 4070 584 4123 ocdcclcr
608 4071 755 4122 introierim
777 4069 827 4122 boc
849 4070 1014 4137 pelopea..
1033 4071 1088 4124 ,ιἰι
1113 4072 1188 4122 οιιιιιι
1205 4071 1292 4124 litent
1311 4070 1410 4120 occec·

308 4145 384 4196 ιιοιιε
402 4145 450 4195 cic
466 4143 579 4210 aliquem
596 4145 700 4210 portam
718 4143 796 4194 video
815 4145 961 4207 imperitiae
979 4156 1062 4212 meae,
1087 4145 1125 4196 ita
1140 4143 1221 4209 pleno
1238 4144 1301 4193 eunt
1318 4145 1410 4193 omnio

308 4217 422 4285 mlta
440 4215 566 4270 incidas.
650 4212 676 4286 3)
695 4212 817 4270 Terentii
836 4213 980 4285 Andrial
1004 4211 1412 4284 1.ι.11.1)1.ι·.ι11ιί

306 4305 322 4341 a
345 4299 437 4342 natura
459 4289 561 4342 datum
1483 4321 1484 4324 ,
