3000 4900
277 391 353 465 200
403 386 646 463 flutnotul
664 386 904 476 CHRONICA
923 388 1190 465 SLAVORUM.
1222 389 1310 465 LlB.
1330 389 1373 463 ll.

278 591 359 666 bibe
379 593 491 687 ipitur
513 592 717 663 cautionem
737 588 890 687 populo,
916 615 957 663 eo
982 589 1081 689 quod
1100 590 1175 665 duc
1193 592 1278 666 bene
1291 617 1378 687 pre-

280 691 464 766 rumolde
480 698 524 764 te.
552 694 598 765 Et
615 692 866 787 dissimulavit
881 699 1009 767 comes
1026 694 1215 791 ceterique
1230 695 1379 767 nobiles

282 805 321 867 et
333 794 524 867 dixeruntz
549 792 630 865 Pur
647 794 886 890 stercoritae,
905 800 1070 866 emortua
1088 801 1142 867 est
1153 797 1246 867 enim
1259 797 1380 883 virtus

282 893 511 967 Sedunorum.
530 894 676 967 Defecit
690 895 803 991 igitur
813 894 850 967 in
863 896 1027 968 exercitu
1036 896 1216 968 custodia.
1232 897 1380 969 Moram

285 1006 413 1069 autem
436 996 598 1069 faciente
622 998 716 1072 duce
736 996 958 1069 defecerunt
983 996 1161 1069 exercitui
1188 996 1382 1095 alimenta,
1484 1066 1485 1093 p

286 1108 324 1171 et
351 1096 526 1171 destinati
553 1108 642 1171 sunt
666 1097 785 1196 pueri,
807 1100 868 1195 qui
896 1102 1077 1171 deberent
1100 1098 1153 1171 ire
1173 1100 1218 1171 ad
1239 1097 1382 1170 exerci-

284 1208 364 1270 tum
384 1198 488 1271 ducis
507 1209 661 1297 propter
678 1200 852 1272 victualia
870 1199 1073 1273 afferenda.
1101 1198 1242 1287 Quibus
1258 1198 1381 1297 primo

288 1297 448 1371 diluculo
474 1300 546 1372 iter
564 1300 774 1397 aggressiS‚
804 1322 893 1373 ecce
921 1300 958 1371 in
977 1324 1140 1373 ascensu
1159 1299 1244 1371 clivi
1269 1324 1383 1397 appa·
1484 1346 1485 1379 1

287 1412 443 1473 ruerunt
468 1401 576 1475 cunei
602 1400 825 1475 Sclavorum
854 1425 939 1475 cum
966 1401 1102 1499 populo
1120 1400 1385 1474 innumerabili
1484 1436 1485 1487 i

272 1508 365 1575 'tam
386 1501 552 1600 equitum
573 1525 686 1599 quam
705 1502 884 1600 peditum.
920 1502 1063 1589 Quibus
1082 1501 1173 1575 visis
1192 1512 1384 1575 retorsere

288 1605 427 1703 pedem
446 1603 565 1701 pueri3
585 1613 623 1675 et
641 1603 805 1676 clamore
820 1604 941 1677 valido
961 1602 1209 1675 dormientem
1225 1603 1383 1675 suscita·
1484 1614 1485 1683 ἲ

177 1735 179 1738 ·
287 1727 380 1775 vere
408 1703 624 1777 exercitum.
669 1704 842 1801 Alioquin
870 1716 1013 1777 omnes
1034 1716 1192 1777 mortem
1221 1728 1379 1802 sompno

272 1804 543 1902 copulassent.
602 1806 707 1877 Tunc
745 1804 813 1879 viri
849 1800 1012 1886 illustres
1044 1816 1156 1903 atque
1188 1804 1382 1901 militenen,
1484 1858 1485 1905 p

288 1905 443 1979 Adolfus
462 1903 574 2005 atque
592 1905 797 1979 Reinoldus
825 1931 909 1979 cum
929 1906 1166 2004 paucissimis
1185 1905 1385 1979 Holzaten-
1484 1912 1485 1915 ’

291 2004 389 2079 sium
413 2017 525 2106 atquc
544 2004 922 2105 Thetmarsiensium,
948 2008 1009 2105 qui
1026 2008 1122 2079 forte
1143 2031 1303 2105 sompno
1324 2032 1386 2079 ex·
1484 2068 1485 2081 ,

291 2106 352 2180 citi
369 2108 552 2181 maturius
578 2119 831 2205 accurrerant,
860 2119 1089 2207 exceperunt
1112 2109 1243 2181 hostes
1265 2108 1301 2179 in
1323 2112 1387 2181 de·

293 2231 433 2282 scensu
448 2208 544 2305 clivi,
559 2219 596 2281 et
610 2204 769 2281 contrita
784 2220 843 2282 est
856 2210 976 2307 prima
991 2208 1093 2282 acies
1103 2208 1322 2282 Sclavorum
1337 2213 1386 2282 ab

292 2308 361 2405 εἰς,
389 2318 428 2383 et
444 2320 715 2407 percusserunt
741 2314 807 2383 eos
835 2312 1027 2409 usquead
1054 2310 1229 2383 interiora
1247 2309 1385 2406 stagni.
1484 2378 1485 2395 ,

292 2408 395 2498 Quos
415 2434 436 2484 e
453 2409 613 2508 vestigio
636 2416 838 2486 subsecuta
859 2414 1025 2485 secunda
1044 2412 1262 2486 Sclavornm
1281 2410 1385 2484 acies

292 2511 439 2609 operuit
456 2512 575 2585 instar
592 2513 789 2611 montium,
807 2525 844 2586 et
861 2513 1033 2612 percussi
1052 2523 1140 2586 sunt
1152 2513 1306 2586 Adulfus
1327 2537 1389 2586 co·

293 2637 375 2686 mes
385 2623 433 2685 ‘et
452 2637 580 2687 comes
594 2613 812 2712 Reinoldus‚
827 2625 864 2686 et
882 2614 1076 2688 fortissimi
1091 2614 1227 2712 quique
1244 2612 1388 2714 cecide·

292 2711 412 2790 runt¹.
447 2715 493 2790 Et
510 2714 750 2788 obtinuerunt
767 2715 890 2789 Sclavi
910 2725 1032 2789 castra
1045 2715 1236 2789 Saxonum
1253 2726 1290 2788 et
1306 2715 1389 2787 diri·

203 2826 456 2914 1164.puerunt
468 2819 605 2914 predas
622 2826 842 2890 castrorum.
869 2818 983 2892 Porro
995 2816 1223 2889 Guncelinus
1237 2827 1273 2888 et
1285 2815 1389 2890 Chri-

184 2907 236 2965 ¹¹¹¹·
256 2907 282 2962 ⁶·
295 2915 439 2990 stianus
457 2927 495 2988 et
508 2917 664 3011 cumeis
678 2917 839 3016 amplius
855 2943 966 3016 quam
979 2919 1136 2990 trecenti
1148 2917 1286 2992 milites
1304 2943 1388 2990 con-

295 3017 435 3115 globati
464 3017 501 3089 in
535 3038 650 3090 unum
684 3018 924 3092 continebant
955 3043 997 3092 se
1029 3018 1066 3090 in
1097 3019 1215 3091 latere
1247 3042 1385 3117 pugne,

294 3120 513 3215 ignorantes
529 3119 614 3216 quid
633 3131 801 3216 agerent.
836 3119 1133 3192 Formidnlosum
1153 3118 1292 3219 quippe
1311 3129 1390 3192 erat

296 3218 474 3316 congredi
493 3243 579 3292 cum
592 3230 696 3293 tanto
710 3221 835 3318 hoste⁷
852 3217 1025 3294 omnibus
1041 3220 1185 3294 scilicet
1199 3221 1311 3294 sociis
1328 3231 1392 3293 aut

296 3320 501 3393 interfectis
527 3331 591 3393 aut
616 3321 706 3419 fuga
734 3321 911 3396 disiectis
954 3321 1098 3394 Accidit
1121 3322 1247 3420 igitur,
1262 3333 1311 3394 wut
1330 3345 1391 3394 cu·

297 3444 393 3494 nens
429 3420 580 3519 quidam
608 3422 831 3496 Sclavorum
861 3423 1006 3496 veniret
1031 3427 1075 3496 ad
1107 3424 1391 3496 tabernaculum

299 3524 500 3621 quoddam,
524 3522 585 3595 ubi
610 3523 717 3596 multi
743 3533 851 3598 erant
876 3523 1053 3620 armigeri
1079 3533 1117 3596 et
1143 3525 1228 3623 equi
1252 3523 1392 3623 plures

299 3623 443 3713 Quibus
463 3624 722 3721 expugnandis
749 3649 835 3698 cum
853 3625 1039 3698 valentius
1059 3624 1257 3716 instarent,
1283 3625 1394 3698 armi-

299 3725 380 3823 geri
407 3724 664 3824 clamaverunt
688 3727 733 3798 ad
758 3724 929 3802 dominos
950 3750 1054 3822 suos,
1082 3751 1240 3824 quorum
1261 3728 1393 3824 globus

301 3825 370 3899 tuit
384 3850 404 3898 e
419 3825 560 3899 vicino:
590 3824 685 3916 Quid
696 3830 819 3924 statis,
834 3827 1062 3915 exfortiscinu'
1074 3826 1217 3925 milites,
1233 3835 1267 3901 et
1280 3850 1392 3926 quare

299 3951 375 4003 non
399 3929 614 4000 succurritis
637 3930 750 4005 servis
772 3928 925 4002 vestris?
966 3927 1053 4007 llcru
1078 3931 1202 4027 utique
1228 3931 1394 4023 turpissi-

301 4051 400 4104 mum
419 4030 538 4124 agitis.
566 4028 636 4131 Qui
657 4030 831 4104 concitati
846 4031 1011 4104 clamore
1026 4054 1223 4105 servorum
1239 4055 1393 4105 suorum

304 4181 330 4250 1)
349 4180 482 4238 Obiernnt
501 4200 524 4238 a.
547 4182 626 4238 1164.
646 4181 697 4238 lul.
716 4184 746 4247 ὃς
767 4201 791 4239 r.
810 4181 918 4240 Necrol.
938 4145 1102 4259 [toneburge
1122 4183 1311 4254 Mollenbecc.,
1330 4183 1396 4242 Hil-

304 4255 433 4322 desuem„
452 4255 603 4314 Miudeuse.
1267 4287 1269 4292 ·
