3000 4900
173 436 423 513 HELMOLDI
437 436 681 514 CHRONICA
695 437 962 512 SLAVORUM.
991 437 1079 512 LIB.
1095 437 1121 511 1.
1161 440 1231 515 123

142 636 199 711 elit
215 662 258 712 ea
277 663 388 737 qvam
405 643 502 712 nosti
515 643 721 713 necessitas,
759 640 864 713 Habe
882 643 995 736 ipitur
1012 640 1134 712 adhuc
1149 662 1235 735 pra·

142 743 229 812 liam
249 740 333 829 fidei
351 747 386 814 et
401 743 608 833 sponsionis
625 747 685 813 tue
703 762 792 836 erpa
810 740 983 814 domnum
1000 747 1178 836 nostram,
1195 746 1237 812 at

142 842 175 914 si
200 840 333 914 videris
360 848 491 914 vonna
515 864 596 913 eam
619 841 713 913 bella
732 840 950 914 Sclavoram
974 840 1070 914 clam
1087 864 1236 913 consve-

142 943 277 1055 peritia,
292 944 504 1036 premunias
521 964 612 1013 evm.
658 941 705 1014 Et
721 941 895 1040 promisit
913 942 1094 1015 Niclotus.
1136 939 1237 1012 Dixit

143 1041 258 1140 igitur
276 1066 404 1116 comes
422 1041 695 1115 habitatoribus
713 1053 813 1117 terre
832 1067 920 1116 sue:
956 1043 1080 1116 Habet
1064 1049 1098 1116 te
1115 1047 1237 1114 caate-

144 1140 251 1213 lam
238 1166 357 1215 samen
359 1150 480 1216 lovum
500 1150 535 1215 et
520 1142 723 1215 tttsalrs
640 1150 723 1215 v‘taa
721 1145 845 1215 iarum
856 1168 916 1216 ves
917 1150 1071 1240 travam,
1085 1167 1128 1216 ne
1142 1144 1237 1230 forle

144 1246 279 1336 rapiare
282 1250 342 1316 tur
359 1267 383 1314 a
401 1243 546 1359 faribus
556 1233 618 1316 vel
637 1268 662 1315 a
680 1242 904 1339 latronibus,
929 1243 973 1316 ele
986 1199 1133 1362 pvblico
1152 1266 1237 1315 vero

139 1343 304 1437 periculo
323 1367 440 1416 meam
460 1346 529 1416 erit
537 1346 760 1441 prospicere,
778 1368 822 1416 ne
840 1367 913 1440 qva
935 1346 1122 1439 improvisi
1135 1367 1238 1416 --eaer

144 1446 274 1515 citas
261 1447 466 1517 incursione
492 1442 737 1517 involvamini.
789 1445 947 1516 Putabat
972 1445 1072 1519 enim
1098 1444 1154 1518 vir
1181 1467 1239 1517 sa-

145 1544 264 1641 piens,
279 1544 493 1644 repentinas
504 1545 691 1617 bellorum
703 1544 867 1617 iacturas
883 1569 968 1618 sese
982 1544 1139 1619 consilio
1151 1569 1238 1618 con·

146 1645 316 1719 clusisse.
368 1644 442 1718 Sed
461 1669 522 1718 res
542 1645 651 1718 aliter
670 1655 875 1719 cesserunt.

248 1750 306 1820 63.
344 1745 729 1834 Combaslionaviam
800 1745 973 1820 Sentiens
998 1745 1098 1819 enim
1116 1745 1239 1819 Niclo-
1311 1745 1313 1750 ’

146 1856 207 1916 tus
227 1828 511 1920 irrevocabilem
528 1871 614 1920 esse
632 1845 731 1919 iurat
733 1872 753 1919 e
776 1845 1021 1944 expeditionis
1040 1846 1240 1959 profectio·

147 1970 247 2041 nem,
266 1947 365 2018 clam
382 1956 491 2044 parat
508 1948 682 2021 navalem
701 1947 919 2042 exercitum7
943 1947 1242 2043 transmissoque

148 2048 258 2144 freto,
277 2047 441 2144 applicat
465 2047 627 2120 classem
655 2049 700 2120 ad
731 2047 870 2119 ostium
888 2048 1068 2144 Travene7
1092 2071 1243 2146 percus-

149 2171 260 2218 surus
280 2172 431 2220 omnem
448 2148 727 2245 Wag'irensium
750 2147 994 2262 provinciam,
1010 2148 1243 2262 priusquam

149 2246 343 2320 Saxonum
357 2247 497 2321 exercit
499 2272 542 2320 us
483 2249 765 2322 mfundere
750 2259 812 2321 ur
822 2273 899 2322 suis
908 2249 1089 2322 terminis
1109 2250 1243 2321 Trans-

151 2347 327 2445 misitque
344 2372 503 2463 vespere
521 2349 700 2421 nuncium
719 2349 937 2447 Sigeberch
965 2375 1008 2424 eo
1036 2351 1133 2447 quod
1159 2373 1244 2447 pro·

151 2447 318 2523 misisset
336 2449 450 2523 comit
451 2449 475 2545 i,
494 2449 710 2563 premunire
729 2476 829 2547 eum,
857 2452 921 2524 sed
941 2475 1174 2549 supervacua
1193 2451 1244 2523 le·

153 2550 320 2648 gatione:
356 2575 484 2624 comes
511 2551 666 2723 quippe
677 2551 859 2636 defuitet
844 2561 959 2623 tnon
987 2562 1068 2625 erat
1093 2558 1243 2648 tempus

152 2651 407 2749 congregandi
434 2652 575 2724 exercit
576 2677 649 2723 um.
692 2652 939 2725 Illucescente
971 2677 1061 2748 ergo
1088 2651 1147 2725 die
1173 2673 1336 2748 quanti.

153 2762 372 2824 sanctorum
397 2751 547 2824 loannis
575 2762 613 2825 et
598 2751 734 2823 tPauli
753 2751 901 2850 passio1
919 2753 1131 2826 veneranda
1151 2750 1302 2827 celo-¹¹¹n
1316 2748 1354 2795 ²⁶·

154 2856 301 2949 oratur,
330 2852 521 2925 descendit
547 2851 691 2925 navalis
720 2851 943 2926 Sclavomm
969 2853 1110 2927 exercit
1113 2876 1155 2926 us
1180 2878 1248 2950 per

155 2952 295 3025 ostium
312 2953 491 3044 Travene.
537 2952 691 3025 Tunc
659 2977 760 3026 cives
778 2952 967 3027 Lubicane
986 2953 1100 3050 urbis,
1120 2953 1246 3026 audito

155 3078 348 3126 murmure
363 3053 561 3150 exercitus,
573 3053 872 3127 inclamaverunt
884 3053 984 3126 viros
1002 3053 1114 3148 urbiS,
1127 3053 1249 3129 dicen·

156 3164 229 3226 tes:
259 3153 473 3227 Audivimus
489 3178 613 3226 vocem
626 3153 801 3227 clamoris
819 3156 981 3251 maximi,
1003 3156 1110 3251 quasi
1127 3178 1249 3226 vocem

155 3256 436 3347 supervenientis
452 3254 693 3327 multitudinis
712 3262 748 3327 et
762 3258 975 3351 ipnoramas
993 3254 1082 3353 qvid
1098 3258 1156 3328 sit.
1183 3254 1250 3328 Mi·

157 3365 362 3452 seruntque
375 3354 468 3428 ad
437 3356 507 3429 civi
510 3366 626 3428 tatem
646 3366 682 3429 et
667 3357 741 3427 tad
758 3356 893 3453 forum
913 3356 1091 3429 nunciare
1111 3355 1164 3429 eis
1183 3354 1250 3429 im·

157 3456 304 3529 minens
334 3455 555 3555 periculum.
604 3454 677 3529 Sed
710 3457 873 3555 populus
907 3458 1026 3529 multa
1056 3456 1250 3570 potatione

158 3557 283 3630 ebrius
302 3582 424 3654 neque
443 3567 537 3629 strat
522 3568 560 3629 to
579 3582 702 3654 neque
719 3556 876 3630 navibus
892 3556 1097 3630 ammoveri
1117 3556 1251 3655 potuit

158 3682 355 3754 quousque
385 3656 556 3730 hostibus
592 3657 876 3731 circumvallati.
912 3682 1026 3732 naves
1062 3657 1250 3732 mercibus

158 3769 315 3831 onustas
333 3758 470 3832 iniecto
490 3758 577 3856 igne
595 3758 939 3857 perdideruntt
881 3759 939 3831 lnt
941 3756 1068 3833 erfec't
1043 3768 1145 3855 tique
1164 3767 1253 3831 sunt

157 3858 233 3933 illic
254 3884 298 3932 eo
318 3859 377 3933 die
396 3860 476 3931 adt
461 3870 651 3933 trecentos
671 3870 709 3933 et
726 3885 771 3933 eo
792 3858 1005 3958 amplius
971 3883 1083 3933 viros.
1116 3858 1252 3932 Rodol·

158 3960 218 4032 fus
237 3961 415 4034 sacerdos
435 3970 473 4034 et
490 3960 711 4055 monachus,
730 3961 820 4032 dum
838 3961 988 4059 fugeret
1006 3961 1051 4033 ad
1073 3970 1252 4050 castrum,

158 4071 361 4157 preventus
381 4060 596 4155 abortiaris,
616 4059 719 4132 mille
732 4060 948 4134 vulneribus
964 4062 1163 4134 confossus
1183 4070 1251 4133 est.

158 4162 273 4234 Porro
300 4163 350 4234 hii
378 4162 439 4259 qui
470 4162 505 4232 in
534 4171 657 4233 castro
684 4171 802 4256 erant7
832 4162 941 4233 biduo
975 4162 1252 4235 atrocissimam

158 4289 183 4358 i)
204 4288 272 4340 lunii
292 4290 338 4344 26.
