<?xml version="1.0" encoding="UTF-8"?>
<!DOCTYPE html PUBLIC "-//W3C//DTD XHTML 1.0 Transitional//EN"
    "http://www.w3.org/TR/xhtml1/DTD/xhtml1-transitional.dtd">
<html xmlns="http://www.w3.org/1999/xhtml" xml:lang="en" lang="en">
 <head>
  <title>
</title>
<meta http-equiv="Content-Type" content="text/html;charset=utf-8" />
  <meta name='ocr-system' content='tesseract 3.04.00' />
  <meta name='ocr-capabilities' content='ocr_page ocr_carea ocr_par ocr_line ocrx_word'/>
</head>
<body>
  <div class='ocr_page' id='page_1' title='image "./helmoldipresbyt00pertgoog_0227.png"; bbox 0 0 3000 4900; ppageno 0'>
   <div class='ocr_carea' id='block_1_1' title="bbox 121 453 1209 537">
    <p class='ocr_par' dir='ltr' id='par_1_1' title="bbox 121 453 1209 537">
     <span class='ocr_line' id='line_1_1' title="bbox 121 453 1209 537; baseline -0.001 -10"><span class='ocrx_word' id='word_1_1' title='bbox 121 455 365 529; x_wconf 85' lang='lat' dir='ltr'>HELMOLDI</span> <span class='ocrx_word' id='word_1_2' title='bbox 382 456 621 531; x_wconf 80' lang='lat' dir='ltr'>CllllONlCA</span> <span class='ocrx_word' id='word_1_3' title='bbox 640 454 908 529; x_wconf 83' lang='lat' dir='ltr'>SLAVORUll.</span> <span class='ocrx_word' id='word_1_4' title='bbox 944 453 1084 537; x_wconf 69' lang='lat' dir='ltr'>LlB.„Il.</span> <span class='ocrx_word' id='word_1_5' title='bbox 1137 454 1209 527; x_wconf 81' lang='lat'>201</span> 
     </span>
    </p>
   </div>
   <div class='ocr_carea' id='block_1_2' title="bbox 121 655 1247 2271">
    <p class='ocr_par' dir='ltr' id='par_1_2' title="bbox 121 655 1247 2271">
     <span class='ocr_line' id='line_1_2' title="bbox 121 655 1213 756; baseline -0.003 -26"><span class='ocrx_word' id='word_1_6' title='bbox 121 656 334 730; x_wconf 87' lang='lat' dir='ltr'>insilierunt</span> <span class='ocrx_word' id='word_1_7' title='bbox 352 657 387 729; x_wconf 91' lang='lat' dir='ltr'>in</span> <span class='ocrx_word' id='word_1_8' title='bbox 408 659 539 731; x_wconf 88' lang='lat' dir='ltr'>hostes</span> <span class='ocrx_word' id='word_1_9' title='bbox 565 667 602 730; x_wconf 87' lang='lat' dir='ltr'>et</span> <span class='ocrx_word' id='word_1_10' title='bbox 620 655 726 756; x_wconf 85' lang='lat' dir='ltr'>quasi</span> <span class='ocrx_word' id='word_1_11' title='bbox 747 680 835 730; x_wconf 90' lang='lat' dir='ltr'>ceco</span> <span class='ocrx_word' id='word_1_12' title='bbox 855 657 980 729; x_wconf 91' lang='lat' dir='ltr'>furore</span> <span class='ocrx_word' id='word_1_13' title='bbox 999 664 1213 753; x_wconf 78' lang='lat' dir='ltr'>pugnantes</span> 
     </span>
     <span class='ocr_line' id='line_1_3' title="bbox 121 756 1234 857; baseline -0.002 -28"><span class='ocrx_word' id='word_1_14' title='bbox 121 759 375 831; x_wconf 87' lang='lat' dir='ltr'>liberaverunt</span> <span class='ocrx_word' id='word_1_15' title='bbox 394 784 531 857; x_wconf 90' lang='lat' dir='ltr'>pueros</span> <span class='ocrx_word' id='word_1_16' title='bbox 551 784 650 832; x_wconf 78' lang='lat' dir='ltr'>suos</span> <span class='ocrx_word' id='word_1_17' title='bbox 682 758 824 831; x_wconf 86' lang='lat' dir='ltr'>Deinde</span> <span class='ocrx_word' id='word_1_18' title='bbox 846 758 977 830; x_wconf 82' lang='lat' dir='ltr'>castris</span> <span class='ocrx_word' id='word_1_19' title='bbox 997 757 1128 829; x_wconf 87' lang='lat' dir='ltr'>fortius</span> <span class='ocrx_word' id='word_1_20' title='bbox 1147 756 1214 828; x_wconf 90' lang='lat' dir='ltr'>im·</span> <span class='ocrx_word' id='word_1_21' title='bbox 1231 778 1234 786; x_wconf 84' lang='grc'><strong>’</strong></span> 
     </span>
     <span class='ocr_line' id='line_1_4' title="bbox 123 856 1216 957; baseline -0.003 -27"><span class='ocrx_word' id='word_1_22' title='bbox 123 860 254 945; x_wconf 79' lang='lat' dir='ltr'>mersi,</span> <span class='ocrx_word' id='word_1_23' title='bbox 282 860 430 932; x_wconf 87' lang='lat' dir='ltr'>difficile</span> <span class='ocrx_word' id='word_1_24' title='bbox 450 860 548 932; x_wconf 89' lang='lat' dir='ltr'>dictu</span> <span class='ocrx_word' id='word_1_25' title='bbox 569 871 639 955; x_wconf 89' lang='lat' dir='ltr'>est,</span> <span class='ocrx_word' id='word_1_26' title='bbox 658 868 818 957; x_wconf 89' lang='lat' dir='ltr'>quantos</span> <span class='ocrx_word' id='word_1_27' title='bbox 839 860 933 933; x_wconf 88' lang='lat' dir='ltr'>ictus</span> <span class='ocrx_word' id='word_1_28' title='bbox 954 858 1135 953; x_wconf 72' lang='lat' dir='ltr'>dederint,</span> <span class='ocrx_word' id='word_1_29' title='bbox 1153 856 1216 929; x_wconf 91' lang='lat' dir='ltr'>vel</span> 
     </span>
     <span class='ocr_line' id='line_1_5' title="bbox 124 952 1247 1058; baseline -0.002 -27"><span class='ocrx_word' id='word_1_30' title='bbox 124 985 218 1058; x_wconf 90' lang='lat' dir='ltr'>quas</span> <span class='ocrx_word' id='word_1_31' title='bbox 239 970 387 1058; x_wconf 83' lang='lat' dir='ltr'>strages</span> <span class='ocrx_word' id='word_1_32' title='bbox 406 962 601 1033; x_wconf 91' lang='lat' dir='ltr'>hominum</span> <span class='ocrx_word' id='word_1_33' title='bbox 618 960 789 1056; x_wconf 84' lang='lat' dir='ltr'>fecerint,</span> <span class='ocrx_word' id='word_1_34' title='bbox 807 963 925 1033; x_wconf 91' lang='lat' dir='ltr'>donec</span> <span class='ocrx_word' id='word_1_35' title='bbox 943 960 1115 1031; x_wconf 87' lang='lat' dir='ltr'>victrices</span> <span class='ocrx_word' id='word_1_36' title='bbox 1130 958 1214 1030; x_wconf 87' lang='lat' dir='ltr'>illas</span> <span class='ocrx_word' id='word_1_37' title='bbox 1246 952 1247 957; x_wconf 59' lang='grc'>’</span> 
     </span>
     <span class='ocr_line' id='line_1_6' title="bbox 122 1062 1212 1161; baseline -0.006 -26"><span class='ocrx_word' id='word_1_38' title='bbox 122 1062 342 1135; x_wconf 89' lang='lat' dir='ltr'>Sclavorum</span> <span class='ocrx_word' id='word_1_39' title='bbox 362 1062 463 1136; x_wconf 90' lang='lat' dir='ltr'>acies</span> <span class='ocrx_word' id='word_1_40' title='bbox 483 1062 685 1135; x_wconf 89' lang='lat' dir='ltr'>disicerent</span> <span class='ocrx_word' id='word_1_41' title='bbox 703 1073 740 1134; x_wconf 89' lang='lat' dir='ltr'>et</span> <span class='ocrx_word' id='word_1_42' title='bbox 758 1062 970 1161; x_wconf 82' lang='lat' dir='ltr'>reciperent</span> <span class='ocrx_word' id='word_1_43' title='bbox 986 1071 1120 1155; x_wconf 88' lang='lat' dir='ltr'>castra,</span> <span class='ocrx_word' id='word_1_44' title='bbox 1140 1082 1212 1156; x_wconf 88' lang='lat' dir='ltr'>que</span> 
     </span>
     <span class='ocr_line' id='line_1_7' title="bbox 124 1157 1216 1261; baseline -0.004 -28"><span class='ocrx_word' id='word_1_45' title='bbox 124 1164 374 1260; x_wconf 83' lang='lat' dir='ltr'>perdiderant.</span> <span class='ocrx_word' id='word_1_46' title='bbox 405 1164 574 1261; x_wconf 86' lang='lat' dir='ltr'>[lenique</span> <span class='ocrx_word' id='word_1_47' title='bbox 592 1163 743 1235; x_wconf 83' lang='lat' dir='ltr'>miscuit</span> <span class='ocrx_word' id='word_1_48' title='bbox 760 1164 860 1236; x_wconf 90' lang='lat' dir='ltr'>Deus</span> <span class='ocrx_word' id='word_1_49' title='bbox 881 1157 1024 1235; x_wconf 87' lang='lat' dir='ltr'>Sclavis</span> <span class='ocrx_word' id='word_1_50' title='bbox 1045 1160 1216 1260; x_wconf 87' lang='lat' dir='ltr'>spiritum</span> 
     </span>
     <span class='ocr_line' id='line_1_8' title="bbox 124 1259 1217 1361; baseline -0.003 -28"><span class='ocrx_word' id='word_1_51' title='bbox 124 1264 333 1360; x_wconf 69' lang='lat' dir='ltr'>vertiginis,</span> <span class='ocrx_word' id='word_1_52' title='bbox 358 1274 395 1337; x_wconf 89' lang='lat' dir='ltr'>et</span> <span class='ocrx_word' id='word_1_53' title='bbox 414 1264 629 1337; x_wconf 87' lang='lat' dir='ltr'>ceciderunt</span> <span class='ocrx_word' id='word_1_54' title='bbox 646 1268 691 1336; x_wconf 91' lang='lat' dir='ltr'>de</span> <span class='ocrx_word' id='word_1_55' title='bbox 711 1264 883 1337; x_wconf 91' lang='lat' dir='ltr'>manibus</span> <span class='ocrx_word' id='word_1_56' title='bbox 904 1264 1130 1361; x_wconf 87' lang='lat' dir='ltr'>optimorum</span> <span class='ocrx_word' id='word_1_57' title='bbox 1150 1259 1217 1331; x_wconf 93' lang='lat' dir='ltr'>mi-</span> 
     </span>
     <span class='ocr_line' id='line_1_9' title="bbox 124 1361 1217 1463; baseline -0.004 -28"><span class='ocrx_word' id='word_1_58' title='bbox 124 1365 242 1435; x_wconf 87' lang='lat' dir='ltr'>litum.</span> <span class='ocrx_word' id='word_1_59' title='bbox 284 1367 327 1437; x_wconf 79' lang='lat' dir='ltr'>Et</span> <span class='ocrx_word' id='word_1_60' title='bbox 353 1366 550 1437; x_wconf 88' lang='lat' dir='ltr'>audierunt</span> <span class='ocrx_word' id='word_1_61' title='bbox 567 1366 737 1439; x_wconf 84' lang='lat' dir='ltr'>Saxones</span> <span class='ocrx_word' id='word_1_62' title='bbox 766 1366 827 1463; x_wconf 89' lang='lat' dir='ltr'>qui</span> <span class='ocrx_word' id='word_1_63' title='bbox 854 1374 960 1436; x_wconf 89' lang='lat' dir='ltr'>erant</span> <span class='ocrx_word' id='word_1_64' title='bbox 985 1364 1022 1434; x_wconf 92' lang='lat' dir='ltr'>in</span> <span class='ocrx_word' id='word_1_65' title='bbox 1041 1361 1217 1457; x_wconf 80' lang='lat' dir='ltr'>latibulis,</span> 
     </span>
     <span class='ocr_line' id='line_1_10' title="bbox 125 1462 1218 1564; baseline -0.005 -27"><span class='ocrx_word' id='word_1_66' title='bbox 125 1476 164 1537; x_wconf 90' lang='lat' dir='ltr'>et</span> <span class='ocrx_word' id='word_1_67' title='bbox 183 1467 331 1561; x_wconf 81' lang='lat' dir='ltr'>egressi</span> <span class='ocrx_word' id='word_1_68' title='bbox 356 1476 455 1563; x_wconf 90' lang='lat' dir='ltr'>sunt,</span> <span class='ocrx_word' id='word_1_69' title='bbox 484 1477 521 1538; x_wconf 91' lang='lat' dir='ltr'>et</span> <span class='ocrx_word' id='word_1_70' title='bbox 545 1476 739 1564; x_wconf 90' lang='lat' dir='ltr'>resumpta</span> <span class='ocrx_word' id='word_1_71' title='bbox 769 1465 922 1537; x_wconf 85' lang='lat' dir='ltr'>audacia</span> <span class='ocrx_word' id='word_1_72' title='bbox 939 1462 1218 1536; x_wconf 84' lang='lat' dir='ltr'>fortiter-infusi</span> 
     </span>
     <span class='ocr_line' id='line_1_11' title="bbox 125 1566 1218 1666; baseline -0.005 -27"><span class='ocrx_word' id='word_1_73' title='bbox 125 1577 215 1639; x_wconf 88' lang='lat' dir='ltr'>sunt</span> <span class='ocrx_word' id='word_1_74' title='bbox 239 1567 407 1657; x_wconf 88' lang='lat' dir='ltr'>hostibus</span> <span class='ocrx_word' id='word_1_75' title='bbox 435 1578 472 1639; x_wconf 91' lang='lat' dir='ltr'>et</span> <span class='ocrx_word' id='word_1_76' title='bbox 490 1578 759 1666; x_wconf 88' lang='lat' dir='ltr'>percusserunt</span> <span class='ocrx_word' id='word_1_77' title='bbox 779 1592 844 1639; x_wconf 86' lang='lat' dir='ltr'>eos</span> <span class='ocrx_word' id='word_1_78' title='bbox 865 1566 1052 1639; x_wconf 88' lang='lat' dir='ltr'>attritione</span> <span class='ocrx_word' id='word_1_79' title='bbox 1076 1586 1218 1661; x_wconf 82' lang='lat' dir='ltr'>magna</span> 
     </span>
     <span class='ocr_line' id='line_1_12' title="bbox 124 1666 1219 1766; baseline -0.001 -27"><span class='ocrx_word' id='word_1_80' title='bbox 124 1667 250 1763; x_wconf 77' lang='lat' dir='ltr'>nimio,</span> <span class='ocrx_word' id='word_1_81' title='bbox 267 1678 304 1739; x_wconf 90' lang='lat' dir='ltr'>et</span> <span class='ocrx_word' id='word_1_82' title='bbox 318 1669 484 1766; x_wconf 86' lang='lat' dir='ltr'>repletus</span> <span class='ocrx_word' id='word_1_83' title='bbox 500 1680 558 1741; x_wconf 87' lang='lat' dir='ltr'>est</span> <span class='ocrx_word' id='word_1_84' title='bbox 573 1692 728 1766; x_wconf 86' lang='lat' dir='ltr'>campus</span> <span class='ocrx_word' id='word_1_85' title='bbox 739 1668 801 1740; x_wconf 92' lang='lat' dir='ltr'>ille</span> <span class='ocrx_word' id='word_1_86' title='bbox 817 1666 961 1740; x_wconf 82' lang='lat' dir='ltr'>acervis</span> <span class='ocrx_word' id='word_1_87' title='bbox 974 1676 1219 1739; x_wconf 83' lang='lat' dir='ltr'>mortuorum.</span> 
     </span>
     <span class='ocr_line' id='line_1_13' title="bbox 125 1767 1219 1866; baseline -0.003 -27"><span class='ocrx_word' id='word_1_88' title='bbox 125 1770 171 1839; x_wconf 82' lang='lat' dir='ltr'>Et</span> <span class='ocrx_word' id='word_1_89' title='bbox 190 1771 293 1840; x_wconf 93' lang='lat' dir='ltr'>venit</span> <span class='ocrx_word' id='word_1_90' title='bbox 319 1772 391 1841; x_wconf 88' lang='lat' dir='ltr'>dux</span> <span class='ocrx_word' id='word_1_91' title='bbox 416 1768 652 1865; x_wconf 67' lang='lat' dir='ltr'>festinanter,</span> <span class='ocrx_word' id='word_1_92' title='bbox 678 1780 717 1841; x_wconf 91' lang='lat' dir='ltr'>ut</span> <span class='ocrx_word' id='word_1_93' title='bbox 741 1767 851 1842; x_wconf 88' lang='lat' dir='ltr'>fieret</span> <span class='ocrx_word' id='word_1_94' title='bbox 879 1768 963 1841; x_wconf 90' lang='lat' dir='ltr'>suis·</span> <span class='ocrx_word' id='word_1_95' title='bbox 977 1767 1152 1866; x_wconf 89' lang='lat' dir='ltr'>presidio,</span> <span class='ocrx_word' id='word_1_96' title='bbox 1182 1774 1219 1837; x_wconf 86' lang='lat' dir='ltr'>et</span> 
     </span>
     <span class='ocr_line' id='line_1_14' title="bbox 124 1866 1219 1967; baseline -0.004 -26"><span class='ocrx_word' id='word_1_97' title='bbox 124 1868 218 1942; x_wconf 90' lang='lat' dir='ltr'>vidit</span> <span class='ocrx_word' id='word_1_98' title='bbox 244 1870 389 1942; x_wconf 88' lang='lat' dir='ltr'>ruinam</span> <span class='ocrx_word' id='word_1_99' title='bbox 416 1895 488 1967; x_wconf 90' lang='lat' dir='ltr'>que</span> <span class='ocrx_word' id='word_1_100' title='bbox 512 1872 612 1942; x_wconf 88' lang='lat' dir='ltr'>facta</span> <span class='ocrx_word' id='word_1_101' title='bbox 639 1880 698 1942; x_wconf 92' lang='lat' dir='ltr'>est</span> <span class='ocrx_word' id='word_1_102' title='bbox 724 1870 760 1941; x_wconf 91' lang='lat' dir='ltr'>in</span> <span class='ocrx_word' id='word_1_103' title='bbox 787 1869 923 1967; x_wconf 91' lang='lat' dir='ltr'>populo</span> <span class='ocrx_word' id='word_1_104' title='bbox 953 1892 1041 1963; x_wconf 88' lang='lat' dir='ltr'>suo,</span> <span class='ocrx_word' id='word_1_105' title='bbox 1070 1878 1107 1940; x_wconf 90' lang='lat' dir='ltr'>et</span> <span class='ocrx_word' id='word_1_106' title='bbox 1132 1866 1219 1963; x_wconf 85' lang='lat' dir='ltr'>quia</span> 
     </span>
     <span class='ocr_line' id='line_1_15' title="bbox 126 1970 1221 2067; baseline -0.003 -25"><span class='ocrx_word' id='word_1_107' title='bbox 126 1982 299 2043; x_wconf 89' lang='lat' dir='ltr'>mortuus</span> <span class='ocrx_word' id='word_1_108' title='bbox 326 1981 384 2044; x_wconf 92' lang='lat' dir='ltr'>est</span> <span class='ocrx_word' id='word_1_109' title='bbox 411 1996 539 2043; x_wconf 89' lang='lat' dir='ltr'>comes</span> <span class='ocrx_word' id='word_1_110' title='bbox 557 1972 711 2045; x_wconf 88' lang='lat' dir='ltr'>Adolfus</span> <span class='ocrx_word' id='word_1_111' title='bbox 736 1981 773 2045; x_wconf 86' lang='lat' dir='ltr'>et</span> <span class='ocrx_word' id='word_1_112' title='bbox 792 1970 984 2043; x_wconf 89' lang='lat' dir='ltr'>fortissimi</span> <span class='ocrx_word' id='word_1_113' title='bbox 1009 1971 1158 2067; x_wconf 85' lang='lat' dir='ltr'>quique,</span> <span class='ocrx_word' id='word_1_114' title='bbox 1184 1976 1221 2039; x_wconf 84' lang='lat' dir='ltr'>et</span> 
     </span>
     <span class='ocr_line' id='line_1_16' title="bbox 126 2068 1219 2152; baseline -0.002 -9"><span class='ocrx_word' id='word_1_115' title='bbox 126 2073 317 2146; x_wconf 85' lang='lat' dir='ltr'>resolutus</span> <span class='ocrx_word' id='word_1_116' title='bbox 338 2084 396 2146; x_wconf 89' lang='lat' dir='ltr'>est</span> <span class='ocrx_word' id='word_1_117' title='bbox 420 2072 456 2144; x_wconf 94' lang='lat' dir='ltr'>in</span> <span class='ocrx_word' id='word_1_118' title='bbox 476 2073 650 2146; x_wconf 86' lang='lat' dir='ltr'>lacrimas</span> <span class='ocrx_word' id='word_1_119' title='bbox 669 2073 820 2152; x_wconf 89' lang='lat' dir='ltr'>multas.</span> <span class='ocrx_word' id='word_1_120' title='bbox 857 2072 930 2145; x_wconf 87' lang='lat' dir='ltr'>Sed</span> <span class='ocrx_word' id='word_1_121' title='bbox 950 2071 1118 2143; x_wconf 90' lang='lat' dir='ltr'>dolorem</span> <span class='ocrx_word' id='word_1_122' title='bbox 1138 2068 1219 2141; x_wconf 88' lang='lat' dir='ltr'>eius</span> 
     </span>
     <span class='ocr_line' id='line_1_17' title="bbox 130 2172 1220 2271; baseline -0.003 -28"><span class='ocrx_word' id='word_1_123' title='bbox 130 2172 315 2271; x_wconf 84' lang='lat' dir='ltr'>mitigavit</span> <span class='ocrx_word' id='word_1_124' title='bbox 359 2173 547 2270; x_wconf 89' lang='lat' dir='ltr'>copiosior</span> <span class='ocrx_word' id='word_1_125' title='bbox 586 2174 741 2247; x_wconf 86' lang='lat' dir='ltr'>victoria</span> <span class='ocrx_word' id='word_1_126' title='bbox 778 2185 814 2247; x_wconf 94' lang='lat' dir='ltr'>et</span> <span class='ocrx_word' id='word_1_127' title='bbox 850 2176 962 2246; x_wconf 86' lang='lat' dir='ltr'>cedes</span> <span class='ocrx_word' id='word_1_128' title='bbox 999 2172 1220 2245; x_wconf 88' lang='lat' dir='ltr'>Sclavorum</span> 
     </span>
    </p>
   </div>
   <div class='ocr_carea' id='block_1_3' title="bbox 11 2270 1220 2373">
    <p class='ocr_par' dir='ltr' id='par_1_3' title="bbox 11 2270 1220 2373">
     <span class='ocr_line' id='line_1_18' title="bbox 11 2270 1220 2373; baseline -0.002 -29"><span class='ocrx_word' id='word_1_129' title='bbox 11 2349 12 2362; x_wconf 45' lang='lat'>,</span> <span class='ocrx_word' id='word_1_130' title='bbox 133 2276 307 2372; x_wconf 85' lang='lat' dir='ltr'>maxima,</span> <span class='ocrx_word' id='word_1_131' title='bbox 328 2275 389 2373; x_wconf 93' lang='lat' dir='ltr'>qui</span> <span class='ocrx_word' id='word_1_132' title='bbox 405 2279 449 2348; x_wconf 84' lang='lat' dir='ltr'>ad</span> <span class='ocrx_word' id='word_1_133' title='bbox 466 2278 536 2347; x_wconf 90' lang='lat' dir='ltr'>duo</span> <span class='ocrx_word' id='word_1_134' title='bbox 552 2276 653 2347; x_wconf 89' lang='lat' dir='ltr'>milia</span> <span class='ocrx_word' id='word_1_135' title='bbox 669 2285 706 2347; x_wconf 93' lang='lat' dir='ltr'>et</span> <span class='ocrx_word' id='word_1_136' title='bbox 720 2275 945 2373; x_wconf 79' lang='lat' dir='ltr'>quingentos</span> <span class='ocrx_word' id='word_1_137' title='bbox 962 2270 1220 2359; x_wconf 88' lang='lat' dir='ltr'>connumerati</span> 
     </span>
    </p>
   </div>
   <div class='ocr_carea' id='block_1_4' title="bbox 129 2372 1228 3586">
    <p class='ocr_par' dir='ltr' id='par_1_4' title="bbox 129 2372 1224 2978">
     <span class='ocr_line' id='line_1_19' title="bbox 131 2372 1221 2475; baseline -0.005 -28"><span class='ocrx_word' id='word_1_138' title='bbox 131 2386 227 2448; x_wconf 88' lang='lat' dir='ltr'>sunt.</span> <span class='ocrx_word' id='word_1_139' title='bbox 255 2376 425 2475; x_wconf 88' lang='lat' dir='ltr'>Preeepit</span> <span class='ocrx_word' id='word_1_140' title='bbox 448 2376 561 2474; x_wconf 79' lang='lat' dir='ltr'>igitur</span> <span class='ocrx_word' id='word_1_141' title='bbox 578 2380 665 2474; x_wconf 90' lang='lat' dir='ltr'>dux,</span> <span class='ocrx_word' id='word_1_142' title='bbox 685 2399 820 2475; x_wconf 89' lang='lat' dir='ltr'>corpus</span> <span class='ocrx_word' id='word_1_143' title='bbox 835 2374 954 2448; x_wconf 83' lang='lat' dir='ltr'>Adolfi</span> <span class='ocrx_word' id='word_1_144' title='bbox 972 2372 1118 2446; x_wconf 89' lang='lat' dir='ltr'>comitis</span> <span class='ocrx_word' id='word_1_145' title='bbox 1134 2396 1221 2443; x_wconf 89' lang='lat' dir='ltr'>con·</span> 
     </span>
     <span class='ocr_line' id='line_1_20' title="bbox 131 2473 1222 2575; baseline -0.005 -26"><span class='ocrx_word' id='word_1_146' title='bbox 131 2477 200 2549; x_wconf 88' lang='lat' dir='ltr'>cidi</span> <span class='ocrx_word' id='word_1_147' title='bbox 227 2479 414 2550; x_wconf 86' lang='lat' dir='ltr'>frustatim</span> <span class='ocrx_word' id='word_1_148' title='bbox 440 2489 477 2550; x_wconf 86' lang='lat' dir='ltr'>et</span> <span class='ocrx_word' id='word_1_149' title='bbox 503 2502 633 2550; x_wconf 86' lang='lat' dir='ltr'>assum</span> <span class='ocrx_word' id='word_1_150' title='bbox 660 2478 801 2550; x_wconf 89' lang='lat' dir='ltr'>condiri</span> <span class='ocrx_word' id='word_1_151' title='bbox 829 2501 942 2575; x_wconf 92' lang='lat' dir='ltr'>opere</span> <span class='ocrx_word' id='word_1_152' title='bbox 969 2473 1222 2574; x_wconf 82' lang='lat' dir='ltr'>pigmentarii,</span> 
     </span>
     <span class='ocr_line' id='line_1_21' title="bbox 129 2573 1222 2676; baseline -0.001 -28"><span class='ocrx_word' id='word_1_153' title='bbox 129 2602 204 2675; x_wconf 89' lang='lat' dir='ltr'>quo</span> <span class='ocrx_word' id='word_1_154' title='bbox 216 2590 347 2676; x_wconf 88' lang='lat' dir='ltr'>posset</span> <span class='ocrx_word' id='word_1_155' title='bbox 362 2579 591 2652; x_wconf 88' lang='lat' dir='ltr'>circumferri</span> <span class='ocrx_word' id='word_1_156' title='bbox 606 2589 643 2651; x_wconf 90' lang='lat' dir='ltr'>et</span> <span class='ocrx_word' id='word_1_157' title='bbox 656 2578 785 2676; x_wconf 89' lang='lat' dir='ltr'>patriis</span> <span class='ocrx_word' id='word_1_158' title='bbox 796 2577 923 2650; x_wconf 89' lang='lat' dir='ltr'>inferri</span> <span class='ocrx_word' id='word_1_159' title='bbox 935 2573 1222 2648; x_wconf 82' lang='lat' dir='ltr'>monumentis1.</span> 
     </span>
     <span class='ocr_line' id='line_1_22' title="bbox 129 2677 1221 2778; baseline -0.005 -26"><span class='ocrx_word' id='word_1_160' title='bbox 129 2678 181 2752; x_wconf 86' lang='lat' dir='ltr'>Et</span> <span class='ocrx_word' id='word_1_161' title='bbox 193 2680 389 2778; x_wconf 90' lang='lat' dir='ltr'>impletum</span> <span class='ocrx_word' id='word_1_162' title='bbox 409 2690 468 2752; x_wconf 92' lang='lat' dir='ltr'>est</span> <span class='ocrx_word' id='word_1_163' title='bbox 485 2680 700 2774; x_wconf 27' lang='lat' dir='ltr'>,vaticinium</span> <span class='ocrx_word' id='word_1_164' title='bbox 717 2683 813 2778; x_wconf 89' lang='lat' dir='ltr'>quod</span> <span class='ocrx_word' id='word_1_165' title='bbox 829 2679 963 2751; x_wconf 90' lang='lat' dir='ltr'>cecinit</span> <span class='ocrx_word' id='word_1_166' title='bbox 978 2677 1094 2776; x_wconf 90' lang='lat' dir='ltr'>pridie</span> <span class='ocrx_word' id='word_1_167' title='bbox 1109 2699 1221 2774; x_wconf 88' lang='lat' dir='ltr'>quarn</span> 
     </span>
     <span class='ocr_line' id='line_1_23' title="bbox 130 2781 1224 2878; baseline -0.004 -26"><span class='ocrx_word' id='word_1_168' title='bbox 130 2791 336 2878; x_wconf 86' lang='lat' dir='ltr'>pateretur,</span> <span class='ocrx_word' id='word_1_169' title='bbox 356 2781 556 2878; x_wconf 89' lang='lat' dir='ltr'>sepissime</span> <span class='ocrx_word' id='word_1_170' title='bbox 571 2781 755 2864; x_wconf 84' lang='lat' dir='ltr'>reiterans</span> <span class='ocrx_word' id='word_1_171' title='bbox 770 2804 942 2853; x_wconf 90' lang='lat' dir='ltr'>versum:</span> <span class='ocrx_word' id='word_1_172' title='bbox 972 2781 1057 2874; x_wconf 74' lang='lat' dir='ltr'>Ipne</span> <span class='ocrx_word' id='word_1_173' title='bbox 1070 2801 1126 2850; x_wconf 84' lang='lat' dir='ltr'>me</span> <span class='ocrx_word' id='word_1_174' title='bbox 1140 2799 1224 2849; x_wconf 80' lang='lat' dir='ltr'>cara-</span> 
     </span>
     <span class='ocr_line' id='line_1_24' title="bbox 131 2881 1021 2978; baseline -0.002 -25"><span class='ocrx_word' id='word_1_175' title='bbox 131 2883 292 2976; x_wconf 81' lang='lat' dir='ltr'>minusti,</span> <span class='ocrx_word' id='word_1_176' title='bbox 311 2889 347 2954; x_wconf 85' lang='lat' dir='ltr'>et</span> <span class='ocrx_word' id='word_1_177' title='bbox 362 2907 435 2955; x_wconf 87' lang='lat' dir='ltr'>non</span> <span class='ocrx_word' id='word_1_178' title='bbox 454 2889 508 2955; x_wconf 84' lang='lat' dir='ltr'>est</span> <span class='ocrx_word' id='word_1_179' title='bbox 523 2885 667 2955; x_wconf 83' lang='lat' dir='ltr'>inventa</span> <span class='ocrx_word' id='word_1_180' title='bbox 685 2884 723 2954; x_wconf 82' lang='lat' dir='ltr'>in</span> <span class='ocrx_word' id='word_1_181' title='bbox 741 2906 797 2954; x_wconf 87' lang='lat' dir='ltr'>me</span> <span class='ocrx_word' id='word_1_182' title='bbox 815 2881 1021 2978; x_wconf 78' lang='lat' dir='ltr'>iniquitas².</span> 
     </span>
    </p>

    <p class='ocr_par' dir='ltr' id='par_1_5' title="bbox 133 2977 1228 3586">
     <span class='ocr_line' id='line_1_25' title="bbox 208 2977 1225 3082; baseline -0.008 -26"><span class='ocrx_word' id='word_1_183' title='bbox 208 2983 332 3056; x_wconf 91' lang='lat' dir='ltr'>Sclavi</span> <span class='ocrx_word' id='word_1_184' title='bbox 356 2983 468 3080; x_wconf 79' lang='lat' dir='ltr'>igitur</span> <span class='ocrx_word' id='word_1_185' title='bbox 486 2983 547 3082; x_wconf 89' lang='lat' dir='ltr'>qui</span> <span class='ocrx_word' id='word_1_186' title='bbox 568 2983 781 3080; x_wconf 81' lang='lat' dir='ltr'>effugerant</span> <span class='ocrx_word' id='word_1_187' title='bbox 798 2977 1090 3078; x_wconf 80' lang='lat' dir='ltr'>manus·gladii³</span> <span class='ocrx_word' id='word_1_188' title='bbox 1112 3001 1225 3049; x_wconf 91' lang='lat' dir='ltr'>vene·</span> 
     </span>
     <span class='ocr_line' id='line_1_26' title="bbox 133 3080 1223 3180; baseline -0.004 -27"><span class='ocrx_word' id='word_1_189' title='bbox 133 3093 220 3156; x_wconf 90' lang='lat' dir='ltr'>runt</span> <span class='ocrx_word' id='word_1_190' title='bbox 246 3084 389 3180; x_wconf 87' lang='lat' dir='ltr'>Dimin,</span> <span class='ocrx_word' id='word_1_191' title='bbox 424 3096 461 3159; x_wconf 88' lang='lat' dir='ltr'>et</span> <span class='ocrx_word' id='word_1_192' title='bbox 493 3106 678 3158; x_wconf 85' lang='lat' dir='ltr'>succenso</span> <span class='ocrx_word' id='word_1_193' title='bbox 707 3093 830 3156; x_wconf 87' lang='lat' dir='ltr'>castro</span> <span class='ocrx_word' id='word_1_194' title='bbox 863 3083 925 3154; x_wconf 92' lang='lat' dir='ltr'>illo</span> <span class='ocrx_word' id='word_1_195' title='bbox 962 3080 1223 3180; x_wconf 89' lang='lat' dir='ltr'>potentissimo</span> 
     </span>
     <span class='ocr_line' id='line_1_27' title="bbox 133 3183 1224 3281; baseline -0.004 -25"><span class='ocrx_word' id='word_1_196' title='bbox 133 3185 603 3265; x_wconf 80' lang='lat' dir='ltr'>transieruntadinterio&#39;ra</span> <span class='ocrx_word' id='word_1_197' title='bbox 619 3187 827 3259; x_wconf 87' lang='lat' dir='ltr'>Pomerane</span> <span class='ocrx_word' id='word_1_198' title='bbox 842 3183 1020 3281; x_wconf 80' lang='lat' dir='ltr'>regioniS,</span> <span class='ocrx_word' id='word_1_199' title='bbox 1037 3183 1224 3278; x_wconf 82' lang='lat' dir='ltr'>fugientes</span> 
     </span>
     <span class='ocr_line' id='line_1_28' title="bbox 134 3285 1225 3383; baseline -0.004 -26"><span class='ocrx_word' id='word_1_200' title='bbox 134 3286 276 3358; x_wconf 85' lang='lat' dir='ltr'>afacie</span> <span class='ocrx_word' id='word_1_201' title='bbox 302 3287 417 3359; x_wconf 79' lang='lat' dir='ltr'>ducis</span> <span class='ocrx_word' id='word_1_202' title='bbox 461 3287 641 3383; x_wconf 87' lang='lat' dir='ltr'>Sequenti</span> <span class='ocrx_word' id='word_1_203' title='bbox 673 3297 800 3359; x_wconf 88' lang='lat' dir='ltr'>autem</span> <span class='ocrx_word' id='word_1_204' title='bbox 831 3286 889 3358; x_wconf 91' lang='lat' dir='ltr'>die</span> <span class='ocrx_word' id='word_1_205' title='bbox 915 3285 1017 3358; x_wconf 87' lang='lat' dir='ltr'>venit</span> <span class='ocrx_word' id='word_1_206' title='bbox 1042 3287 1114 3357; x_wconf 89' lang='lat' dir='ltr'>dux</span> <span class='ocrx_word' id='word_1_207' title='bbox 1140 3306 1225 3354; x_wconf 90' lang='lat' dir='ltr'>cum</span> 
     </span>
     <span class='ocr_line' id='line_1_29' title="bbox 136 3387 1226 3486; baseline -0.003 -29"><span class='ocrx_word' id='word_1_208' title='bbox 136 3389 299 3458; x_wconf 87' lang='lat' dir='ltr'>exercitu</span> <span class='ocrx_word' id='word_1_209' title='bbox 320 3387 493 3460; x_wconf 89' lang='lat' dir='ltr'>universo</span> <span class='ocrx_word' id='word_1_210' title='bbox 510 3388 632 3460; x_wconf 84' lang='lat' dir='ltr'>llimin</span> <span class='ocrx_word' id='word_1_211' title='bbox 653 3399 689 3458; x_wconf 93' lang='lat' dir='ltr'>et</span> <span class='ocrx_word' id='word_1_212' title='bbox 703 3387 844 3486; x_wconf 90' lang='lat' dir='ltr'>reperit</span> <span class='ocrx_word' id='word_1_213' title='bbox 859 3398 1022 3459; x_wconf 87' lang='lat' dir='ltr'>castrum</span> <span class='ocrx_word' id='word_1_214' title='bbox 1040 3393 1226 3479; x_wconf 88' lang='lat' dir='ltr'>exustum,</span> 
     </span>
     <span class='ocr_line' id='line_1_30' title="bbox 136 3487 1228 3586; baseline -0.004 -27"><span class='ocrx_word' id='word_1_215' title='bbox 136 3498 174 3560; x_wconf 90' lang='lat' dir='ltr'>et</span> <span class='ocrx_word' id='word_1_216' title='bbox 201 3488 396 3560; x_wconf 89' lang='lat' dir='ltr'>collocavit</span> <span class='ocrx_word' id='word_1_217' title='bbox 422 3488 496 3560; x_wconf 87' lang='lat' dir='ltr'>illie</span> <span class='ocrx_word' id='word_1_218' title='bbox 521 3499 668 3586; x_wconf 87' lang='lat' dir='ltr'>partem</span> <span class='ocrx_word' id='word_1_219' title='bbox 696 3487 895 3584; x_wconf 85' lang='lat' dir='ltr'>exercitus,</span> <span class='ocrx_word' id='word_1_220' title='bbox 927 3498 966 3558; x_wconf 88' lang='lat' dir='ltr'>ut</span> <span class='ocrx_word' id='word_1_221' title='bbox 995 3489 1228 3583; x_wconf 90' lang='lat' dir='ltr'>deponerent</span> 
     </span>
    </p>
   </div>
   <div class='ocr_carea' id='block_1_5' title="bbox 11 3584 1334 3789">
    <p class='ocr_par' dir='ltr' id='par_1_6' title="bbox 11 3584 1334 3789">
     <span class='ocr_line' id='line_1_31' title="bbox 11 3584 1334 3688; baseline -0.005 -28"><span class='ocrx_word' id='word_1_222' title='bbox 11 3602 12 3647; x_wconf 74' lang='grc' dir='ltr'>ῑ</span> <span class='ocrx_word' id='word_1_223' title='bbox 135 3589 276 3661; x_wconf 91' lang='lat' dir='ltr'>vallum</span> <span class='ocrx_word' id='word_1_224' title='bbox 296 3601 333 3662; x_wconf 88' lang='lat' dir='ltr'>et</span> <span class='ocrx_word' id='word_1_225' title='bbox 351 3594 582 3688; x_wconf 88' lang='lat' dir='ltr'>adequarent</span> <span class='ocrx_word' id='word_1_226' title='bbox 600 3591 694 3685; x_wconf 91' lang='lat' dir='ltr'>solo,</span> <span class='ocrx_word' id='word_1_227' title='bbox 709 3600 746 3662; x_wconf 91' lang='lat' dir='ltr'>et</span> <span class='ocrx_word' id='word_1_228' title='bbox 764 3599 805 3661; x_wconf 90' lang='lat' dir='ltr'>ut</span> <span class='ocrx_word' id='word_1_229' title='bbox 823 3599 953 3662; x_wconf 87' lang='lat' dir='ltr'>essent</span> <span class='ocrx_word' id='word_1_230' title='bbox 973 3587 1134 3687; x_wconf 90' lang='lat' dir='ltr'>presidio</span> <span class='ocrx_word' id='word_1_231' title='bbox 1149 3584 1227 3656; x_wconf 93' lang='lat' dir='ltr'>vul-</span> <span class='ocrx_word' id='word_1_232' title='bbox 1323 3653 1334 3664; x_wconf 70' lang='grc'><strong>,</strong></span> 
     </span>
     <span class='ocr_line' id='line_1_32' title="bbox 11 3685 1229 3789; baseline -0.005 -27"><span class='ocrx_word' id='word_1_233' title='bbox 11 3710 12 3713; x_wconf 73' lang='grc'>’</span> <span class='ocrx_word' id='word_1_234' title='bbox 137 3692 291 3787; x_wconf 78' lang='lat' dir='ltr'>neratiS,</span> <span class='ocrx_word' id='word_1_235' title='bbox 317 3692 448 3788; x_wconf 91' lang='lat' dir='ltr'>quibus</span> <span class='ocrx_word' id='word_1_236' title='bbox 468 3715 563 3789; x_wconf 92' lang='lat' dir='ltr'>opus</span> <span class='ocrx_word' id='word_1_237' title='bbox 584 3701 664 3763; x_wconf 89' lang='lat' dir='ltr'>erat</span> <span class='ocrx_word' id='word_1_238' title='bbox 683 3715 782 3766; x_wconf 87' lang='lat' dir='ltr'>cura.</span> <span class='ocrx_word' id='word_1_239' title='bbox 827 3691 913 3789; x_wconf 89' lang='lat' dir='ltr'>lpse</span> <span class='ocrx_word' id='word_1_240' title='bbox 932 3713 1021 3761; x_wconf 89' lang='lat' dir='ltr'>vero</span> <span class='ocrx_word' id='word_1_241' title='bbox 1042 3710 1125 3759; x_wconf 88' lang='lat' dir='ltr'>curn</span> <span class='ocrx_word' id='word_1_242' title='bbox 1145 3685 1229 3758; x_wconf 85' lang='lat' dir='ltr'>reli·</span> 
     </span>
    </p>
   </div>
   <div class='ocr_carea' id='block_1_6' title="bbox 137 3788 1229 3991">
    <p class='ocr_par' dir='ltr' id='par_1_7' title="bbox 137 3788 1229 3991">
     <span class='ocr_line' id='line_1_33' title="bbox 138 3788 1229 3888; baseline -0.004 -25"><span class='ocrx_word' id='word_1_243' title='bbox 138 3816 210 3888; x_wconf 90' lang='lat' dir='ltr'>quo</span> <span class='ocrx_word' id='word_1_244' title='bbox 231 3791 395 3864; x_wconf 88' lang='lat' dir='ltr'>exercitu</span> <span class='ocrx_word' id='word_1_245' title='bbox 423 3792 488 3864; x_wconf 91' lang='lat' dir='ltr'>ivit</span> <span class='ocrx_word' id='word_1_246' title='bbox 505 3793 543 3863; x_wconf 92' lang='lat' dir='ltr'>in</span> <span class='ocrx_word' id='word_1_247' title='bbox 562 3816 761 3864; x_wconf 89' lang='lat' dir='ltr'>occursum</span> <span class='ocrx_word' id='word_1_248' title='bbox 784 3789 1012 3864; x_wconf 90' lang='lat' dir='ltr'>Waldemari</span> <span class='ocrx_word' id='word_1_249' title='bbox 1031 3788 1143 3886; x_wconf 78' lang='lat' dir='ltr'>regis.</span> <span class='ocrx_word' id='word_1_250' title='bbox 1183 3789 1229 3859; x_wconf 82' lang='lat' dir='ltr'>Et</span> 
     </span>
     <span class='ocr_line' id='line_1_34' title="bbox 137 3889 1228 3991; baseline -0.005 -26"><span class='ocrx_word' id='word_1_251' title='bbox 137 3892 308 3965; x_wconf 88' lang='lat' dir='ltr'>abierunt</span> <span class='ocrx_word' id='word_1_252' title='bbox 322 3893 463 3966; x_wconf 92' lang='lat' dir='ltr'>sociata</span> <span class='ocrx_word' id='word_1_253' title='bbox 474 3918 601 3989; x_wconf 91' lang='lat' dir='ltr'>manu,</span> <span class='ocrx_word' id='word_1_254' title='bbox 613 3904 651 3965; x_wconf 90' lang='lat' dir='ltr'>ut</span> <span class='ocrx_word' id='word_1_255' title='bbox 666 3893 983 3991; x_wconf 87' lang='lat' dir='ltr'>depopularentur</span> <span class='ocrx_word' id='word_1_256' title='bbox 995 3889 1228 3963; x_wconf 88' lang='lat' dir='ltr'>latitudinem</span> 
     </span>
    </p>
   </div>
   <div class='ocr_carea' id='block_1_7' title="bbox 11 3989 1230 4092">
    <p class='ocr_par' dir='ltr' id='par_1_8' title="bbox 11 3989 1230 4092">
     <span class='ocr_line' id='line_1_35' title="bbox 11 3989 1230 4092; baseline -0.006 -25"><span class='ocrx_word' id='word_1_257' title='bbox 11 4020 12 4027; x_wconf 52' lang='lat'>¹</span> <span class='ocrx_word' id='word_1_258' title='bbox 137 3995 346 4067; x_wconf 89' lang='lat' dir='ltr'>Pomerane</span> <span class='ocrx_word' id='word_1_259' title='bbox 359 3995 539 4092; x_wconf 77' lang='lat' dir='ltr'>regioniS,</span> <span class='ocrx_word' id='word_1_260' title='bbox 559 4005 596 4067; x_wconf 89' lang='lat' dir='ltr'>et</span> <span class='ocrx_word' id='word_1_261' title='bbox 609 4007 794 4069; x_wconf 88' lang='lat' dir='ltr'>venerunt</span> <span class='ocrx_word' id='word_1_262' title='bbox 811 3995 856 4065; x_wconf 87' lang='lat' dir='ltr'>ad</span> <span class='ocrx_word' id='word_1_263' title='bbox 875 3995 998 4066; x_wconf 88' lang='lat' dir='ltr'>locum</span> <span class='ocrx_word' id='word_1_264' title='bbox 1018 3991 1077 4090; x_wconf 90' lang='lat' dir='ltr'>qui</span> <span class='ocrx_word' id='word_1_265' title='bbox 1099 3989 1230 4062; x_wconf 89' lang='lat' dir='ltr'>dicitur</span> 
     </span>
    </p>
   </div>
   <div class='ocr_carea' id='block_1_8' title="bbox 138 4091 1230 4322">
    <p class='ocr_par' dir='ltr' id='par_1_9' title="bbox 138 4091 1230 4322">
     <span class='ocr_line' id='line_1_36' title="bbox 138 4091 1230 4193; baseline -0.005 -25"><span class='ocrx_word' id='word_1_266' title='bbox 138 4095 278 4193; x_wconf 88' lang='lat' dir='ltr'>Stolpe.</span> <span class='ocrx_word' id='word_1_267' title='bbox 304 4095 381 4167; x_wconf 93' lang='lat' dir='ltr'>lllic</span> <span class='ocrx_word' id='word_1_268' title='bbox 398 4097 629 4169; x_wconf 87' lang='lat' dir='ltr'>Kazemarus</span> <span class='ocrx_word' id='word_1_269' title='bbox 646 4107 682 4168; x_wconf 92' lang='lat' dir='ltr'>et</span> <span class='ocrx_word' id='word_1_270' title='bbox 695 4095 933 4192; x_wconf 81' lang='lat' dir='ltr'>Bugezlavus</span> <span class='ocrx_word' id='word_1_271' title='bbox 952 4095 1027 4167; x_wconf 91' lang='lat' dir='ltr'>iam</span> <span class='ocrx_word' id='word_1_272' title='bbox 1042 4093 1130 4164; x_wconf 92' lang='lat' dir='ltr'>olim</span> <span class='ocrx_word' id='word_1_273' title='bbox 1149 4091 1230 4162; x_wconf 91' lang='lat' dir='ltr'>fun·</span> 
     </span>
     <span class='ocr_line' id='line_1_37' title="bbox 139 4244 1230 4322; baseline 0.001 -22"><span class='ocrx_word' id='word_1_274' title='bbox 139 4248 898 4322; x_wconf 50' lang='lat' dir='ltr'>lfffflmmmffiQOmmaffld</span> <span class='ocrx_word' id='word_1_275' title='bbox 1025 4244 1230 4319; x_wconf 56' lang='lat' dir='ltr'>2WMZ&amp;</span> 
     </span>
    </p>
   </div>
   <div class='ocr_carea' id='block_1_9' title="bbox 11 4322 381 4393">
    <p class='ocr_par' dir='ltr' id='par_1_10' title="bbox 11 4322 381 4393">
     <span class='ocr_line' id='line_1_38' title="bbox 11 4322 381 4393; baseline 0.005 -16"><span class='ocrx_word' id='word_1_276' title='bbox 11 4326 12 4353; x_wconf 67' lang='lat'>³</span> <span class='ocrx_word' id='word_1_277' title='bbox 138 4322 381 4393; x_wconf 57' lang='lat' dir='ltr'>fflicfflfflm</span> 
     </span>
    </p>
   </div>
   <div class='ocr_carea' id='block_1_10' title="bbox 0 0 1525 4900">
    <p class='ocr_par' dir='ltr' id='par_1_11' title="bbox 0 0 1525 4900">
     <span class='ocr_line' id='line_1_39' title="bbox 0 0 1525 4900; baseline 0 0"><span class='ocrx_word' id='word_1_278' title='bbox 0 0 1525 4900; x_wconf 95' lang='lat' dir='ltr'> </span> 
     </span>
    </p>
   </div>
  </div>
 </body>
</html>
