3000 4900
258 458 308 530 68
360 453 603 528 Huutlouul
622 453 866 528 aaronica
883 450 1152 527 santonum,
1178 453 1266 526 LlB.
1285 453 1311 526 l.

165 656 358 730 riosvenit
386 658 433 728 ad
451 657 627 730 ducatum
647 653 709 752 qiri
732 654 868 727 dicitur
885 653 1106 751 Linthburg‚
1133 677 1299 752 pergens
1322 665 1362 727 et

255 757 489 852 accelerans,
518 766 558 828 ut
580 758 761 828 evaderet
778 779 915 828 manus
934 755 1172 853 querentium
1192 755 1359 828 animam

255 859 386 958 ipsius.
423 859 513 930 Erat
539 867 667 928 autem
693 857 730 928 in
750 856 907 954 regione
927 855 989 929 illa
1011 855 1189 954 princeps
1211 855 1360 952 nobilis,

257 983 369 1058 quem
390 981 512 1055 cesar,
525 958 650 1030 adhuc
669 956 728 1032 sui
746 981 917 1055 compos,
936 960 1073 1030 ducatu
1092 959 1137 1029 de
1152 956 1361 1054 Linthburg

256 1060 491 1156 destituerat,
519 1058 636 1132 etalii
658 1057 845 1131 dederat¹.
886 1057 1030 1131 Accidit
1051 1058 1176 1155 igitur,
1196 1069 1236 1130 ut
1258 1057 1360 1130 idem

256 1161 434 1260 princeps
461 1160 557 1232 forte
585 1158 775 1231 venationi
795 1159 942 1232 deditos
969 1169 1077 1233 esset
1102 1183 1220 1258 prope
1248 1158 1360 1252 viam,

259 1287 344 1334 cum
365 1285 473 1334 cesar
491 1259 669 1332 transiret
689 1263 889 1334 comitatus
909 1261 999 1333 viris
1020 1283 1172 1355 novem,
1194 1259 1361 1332 animad-

257 1362 463 1459 vertitque,
496 1361 582 1459 quia
610 1361 806 1457 fugeret-a
834 1360 930 1433 faeie
954 1360 1018 1434 lilii
1042 1361 1110 1433 sui.
1152 1361 1230 1433 lam
1258 1359 1358 1432 enim

258 1461 396 1562 aliquid
407 1462 574 1536 auditum
590 1461 721 1533 fuerat.
741 1461 964 1559 Sedensque
979 1462 1015 1533 in
1031 1460 1360 1559 equopassumptis

259 1564 436 1638 militibus
452 1563 646 1636 insecutus
663 1572 722 1634 est
736 1585 869 1658 regem
884 1562 1063 1636 velocius.
1091 1562 1215 1661 Quem
1230 1561 1360 1634 videns

258 1689 369 1738 cesar
388 1675 426 1736 et
448 1673 627 1762 reputans
651 1663 817 1758 hostem5
836 1663 936 1761 cepit
958 1674 1127 1735 metuere
1149 1663 1299 1758 devita,
1323 1673 1361 1734 et

259 1767 477 1838 exclamans
499 1788 593 1836 voce
615 1787 754 1861 magna
778 1764 878 1862 cepit
900 1764 1092 1861 postulare
1113 1764 1275 1836 veniam.
1312 1765 1361 1835 At

259 1868 339 1939 ille:
372 1865 479 1961 Male,
499 1865 631 1961 inquit,
651 1863 807 1960 domine,
827 1889 916 1960 erpa
933 1889 989 1937 rne
1005 1866 1146 1936 ueniant
1165 1866 1360 1960 meruistis,

259 1970 321 2065 qai
346 1966 567 2060 supplicanti
591 1965 780 2062 quondam
807 1990 949 2038 ornnem
972 1968 1131 2061 nepastis
1147 1968 1310 2060 prunam
1327 1971 1363 2037 et

260 2067 460 2141 abstulistis
485 2066 660 2138 ducatum
677 2090 807 2139 meum.
850 2067 933 2139 Hoc
951 2073 1014 2162 est,
1042 2066 1094 2138 ait
1110 2090 1233 2163 cesar⁷
1260 2064 1361 2162 quod

203 2235 208 2243 .
258 2193 355 2242 nune
372 2168 434 2240 lna
444 2168 470 2263 ²,
489 2169 578 2264 qnia
595 2167 692 2257 filias
710 2191 811 2240 meas
837 2170 998 2240 samarit
1012 2174 1143 2239 eontra
1165 2191 1221 2238 me
1246 2173 1282 2238 et
1299 2165 1360 2238 de·

254 2269 387 2364 palsas
404 2291 486 2340 sarn
504 2267 552 2340 ab
572 2271 671 2340 omni
688 2267 827 2341 honore
844 2293 935 2340 meo.
973 2268 1109 2341 Videns
1129 2267 1243 2365 igitur
1262 2267 1360 2364 prin-

260 2393 351 2470 ceps
376 2370 438 2442 ille
465 2369 852 2467 regem'desolatum‚
880 2368 1124 2442 miseratione
1145 2379 1359 2442 commotus

260 2473 311 2545 ait
337 2474 381 2545 ad
403 2496 509 2544 eum:
554 2471 655 2543 hicet
669 2470 814 2568 quidem
827 2478 1007 2566 potestate
1023 2477 1143 2543 nestra
1166 2474 1204 2543 in
1221 2495 1277 2543 rne
1295 2470 1359 2542 ab·

258 2571 371 2645 asus³
398 2574 559 2667 fueritis,
585 2570 682 2645 Deus
707 2578 829 2646 tamen
845 2575 956 2667 novit,
979 2574 1066 2669 quia
1091 2596 1229 2667 maana
1250 2595 1360 2665 super

258 2698 324 2747 vos
336 2672 547 2768 penitudine
563 2696 723 2745 movear.
748 2676 920 2767 Impietas
938 2675 1031 2745 enirn
1047 2676 1212 2745 mariana
1230 2672 1360 2745 adver·

259 2798 341 2847 sam
365 2798 430 2846 vos
458 2776 654 2846 commissa
682 2780 750 2869 est,
784 2775 832 2846 ab
860 2777 1112 2870 cismarinae,
1140 2773 1243 2868 apud
1267 2797 1359 2870 qaas

255 2879 342 2971 pius
365 2882 400 2948 et
423 2875 599 2964 beneficus
623 2898 764 2969 semper
780 2876 955 2948 craticiis.
1002 2874 1098 2964 (inid
1122 2878 1233 2970 ipitar
1256 2875 1359 2947 volis

259 2976 418 3072 uidetur,
451 2982 546 3049 estne
571 2975 675 3048 vobis
706 2978 798 3049 inter
819 2978 1004 3070 principes
1030 2976 1163 3073 aliquis
1188 2975 1360 3048 relictus?

260 3080 431 3176 Cumque
450 3101 559 3150 cesar
577 3076 719 3149 diceret
737 3102 779 3149 se
797 3077 987 3175 ignorare,
1015 3102 1060 3152 eo
1084 3080 1181 3175 quod
1201 3080 1362 3150 necdum

261 3189 366 3252 esset
383 3188 622 3275 temptatum,
641 3177 703 3250 ille
723 3178 795 3251 ait:
826 3178 957 3251 Potens
977 3185 1032 3251 est
1046 3177 1144 3251 Deus
1165 3176 1288 3249 adhuc
1305 3202 1361 3251 re-

259 3280 400 3352 sarcire
426 3278 601 3352 honorem
627 3286 805 3374 oestrum,
832 3304 874 3351 eo
904 3278 1005 3376 qnod
1030 3282 1149 3376 inique
1167 3286 1291 3352 actam
1313 3282 1363 3352 sit

261 3379 439 3452 adversas
462 3402 538 3451 vos.
583 3379 705 3451 Facite
729 3383 850 3476 ipitar,
881 3379 1150 3476 praeduratae,
1177 3378 1361 3453 ascendite

260 3480 386 3553 arbem
412 3480 525 3574 hano,
553 3486 588 3552 et
611 3478 737 3553 habete
761 3484 929 3576 eorporis
953 3483 1042 3567 fessi
1065 3505 1212 3577 euram,
1238 3484 1359 3553 mitta-

260 3604 411 3678 musque
429 3580 481 3652 ad
498 3583 663 3675 repiones
681 3588 713 3653 et
732 3584 904 3678 ciuitates⁷
923 3588 1108 3678 temptare⁷
1126 3586 1158 3655 si
1173 3585 1358 3675 possimus

261 3681 399 3754 alicubi
422 3683 579 3753 invenire
596 3681 787 3754 ancilium.
829 3682 1001 3755 Forsitan
1019 3686 1113 3755 enirn
1129 3707 1204 3755 non
1222 3706 1266 3755 ea
1282 3690 1358 3755 toto

262 3782 395 3869 deferit
410 3783 548 3855 iustitia
567 3805 592 3853 a
609 3782 693 3871 liliis
709 3780 931 3856 nominant

263 3970 288 4043 1)
308 3988 344 4023 sc.
365 3970 520 4036 Heinricus,
540 3990 631 4027 comes
651 3975 684 4026 dc
699 3971 838 4043 Limburg,
858 3992 939 4046 quem
960 3979 1145 4031 adversantem
1165 3974 1216 4027 sibi
1234 3974 1361 4028 debella-

261 4055 337 4099 verat
355 4053 382 4097 et
401 4046 435 4097 ad
460 4046 625 4101 deditionem
651 4057 777 4116 coegerat
796 4049 949 4118 imperator,
975 4049 1018 4102 cni
1038 4066 1102 4102 vero
1120 4058 1213 4119 postea
1234 4050 1362 4102 ducatum

262 4116 451 4189 lotharingiae
478 4120 599 4182 donarit;
628 4138 653 4173 v.
680 4118 816 4189 Sigellerti
842 4119 942 4175 Chron.
968 4140 992 4175 a.
1016 4120 1096 4175 1101.
1140 4120 1181 4175 De
1203 4123 1360 4191 receptione

261 4194 322 4243 data
344 4200 371 4247 et
389 4192 493 4245 auxilio
507 4194 634 4262 praestito
654 4194 809 4264 imperatori
829 4213 843 4247 a
865 4196 933 4247 duce
952 4212 976 4248 r.
988 4193 1076 4247 Vitam
1091 4192 1217 4249 Heinrici
1232 4192 1279 4248 lV.
1296 4195 1360 4265 imp.

259 4282 284 4318 c.
307 4263 337 4315 11
360 4273 386 4317 et
408 4265 449 4318 12.
541 4266 568 4336 2)
589 4262 632 4320 Cl.
652 4265 749 4321 Adam.
770 4268 787 4320 l.
805 4266 839 4331 ll,
860 4286 883 4321 c.
903 4267 953 4319 26:
979 4271 1028 4323 tac
1047 4274 1087 4323 est
1105 4270 1175 4339 quod
1192 4285 1242 4323 nos
1258 4272 1363 4337 posteri

259 4339 364 4391 luimus.
440 4336 465 4409 3)
486 4356 535 4408 pro
555 4340 639 4395 alost.
662 4338 874 4395 Germanismus.
950 4339 977 4414 4)
999 4340 1094 4396 Esaiae
1114 4341 1203 4412 aar,
1224 4343 1248 4395 6.
