3000 4900
173 493 418 567 llllblllObDl
436 491 676 568 CllllONlCA
694 489 962 565 SLAVORUM.
988 487 1075 560 LlB.
1094 485 1121 560 l.
1174 485 1223 560 75

125 705 378 809 cognomento
404 695 551 768 Ursum.
595 693 722 766 Altera
747 715 837 765 vero
865 691 1040 785 tiliarum,
1065 685 1224 763 Wllildis

126 819 293 892 nomine,
320 796 406 867 data
432 804 491 867 est
516 793 599 867 duci
623 792 793 867 bawarie
812 792 957 890 Catulo,
983 813 1056 888 que
1080 787 1227 888 peperit

126 899 161 970 ei
181 895 397 970 Heinricum
416 892 618 968 Leonem¹.
651 893 820 967 Luderus
840 902 967 966 autern
987 891 1144 964 obtinuit
1161 893 1226 962 du·

126 1009 252 1071 catum
288 996 451 1071 Saxouie
488 995 785 1092 et'gubernatit
821 1018 908 1068 curn
935 989 1119 1066 modestia
1146 1000 1225 1064 tarn

124 1099 283 1174 Sclavos
303 1121 416 1196 quarn
436 1096 618 1170 Saxones.

201 1198 344 1272 Accidit
360 1208 488 1271 autem
507 1197 544 1269 in
563 1196 693 1272 diebus
712 1192 823 1292 illis²,
851 1203 891 1267 ut
908 1193 1106 1268 latrunculi
1124 1191 1319 1267 Sela-tlte.

126 1323 261 1372 vorum
286 1299 459 1372 venirent
487 1298 523 1371 in
543 1297 793 1373 Sturmariam
819 1305 857 1368 et
873 1296 1049 1369 tollerent
1072 1294 1227 1393 predam

127 1402 174 1474 de
200 1398 378 1474 iumentis
407 1397 472 1472 et³
489 1397 684 1498 captiones
711 1393 938 1470 hominum⁴
964 1420 1080 1494 prope
1102 1394 1229 1467 civita-

126 1512 207 1574 tem
225 1500 534 1596 llamrnemburg.
559 1501 613 1572 Ad
634 1521 766 1572 vocem
787 1507 913 1570 autern
935 1493 1133 1570 clamoris⁵
1150 1518 1230 1568 sur·

127 1601 226 1676 rexit
245 1625 373 1691 comes
391 1599 584 1699 provincie
603 1599 700 1673 illius
717 1598 942 1672 Godelridus
963 1622 1047 1671 curn
1063 1597 1229 1694 aliquan-

127 1703 175 1776 tis
198 1701 335 1774 civium
353 1706 399 1776 de
416 1703 728 1799 Hammemburg‚
748 1710 787 1773 et
805 1710 1028 1799 persecutus
1049 1698 1231 1790 estlatrof

128 1827 212 1878 nes.
249 1803 426 1877 Sentieus
446 1812 573 1876 autern
603 1801 688 1900 quia
711 1801 816 1874 multi
847 1810 953 1897 sunt,
979 1797 1145 1874 substitit
1167 1797 1231 1869 ali-

130 1904 364 2003 quantisper,
381 1907 503 1976 donee
518 1901 665 1977 veniret
684 1902 717 1975 ei
735 1901 858 1976 rnaius
869 1901 1058 1974 auxilium.
1086 1901 1230 1974 Preter-

129 2005 215 2078 iens
234 2004 348 2103 igitur
365 2003 528 2078 rusticus
546 2004 711 2103 quidam,
730 2002 836 2076 cuius
853 2027 946 2075 uxor
962 2012 1000 2075 et
1011 2001 1078 2074 lilii
1095 1997 1230 2096 captivi

131 2107 378 2200 ducebantur,
398 2105 585 2204 increpuit
608 2105 786 2178 comitem
813 2104 962 2178 dicens:
1006 2100 1100 2193 Quid
1123 2101 1231 2192 trepi-

131 2204 218 2302 das,
236 2230 257 2279 o
277 2208 439 2279 uirorum
455 2204 650 2279 vilissime?
666 2205 779 2278 babes
796 2229 862 2278 cor
879 2203 1063 2300 muliebre,
1089 2225 1163 2276 non
1180 2202 1231 2273 vi·

131 2305 224 2378 rilel
265 2307 367 2380 Certe
390 2308 423 2379 si
445 2304 586 2379 uideres
611 2329 762 2380 uxorem
789 2313 893 2379 tuum
918 2312 954 2378 et
976 2304 1072 2394 filios
1096 2299 1232 2375 abduci

132 2410 232 2481 sicin
253 2431 364 2504 meos,
388 2431 462 2482 non
479 2407 704 2482 subsisteres.
740 2407 917 2503 Propere,
940 2408 1088 2501 festine,
1115 2402 1232 2475 libera

133 2511 397 2605 captivitatem,
422 2511 455 2581 si
472 2507 518 2581 de
535 2516 654 2582 cetero
679 2511 716 2582 in
733 2514 835 2581 terre
858 2507 1036 2581 honorari
1053 2502 1234 2579 uolueris!

134 2605 204 2683 His
229 2610 355 2684 verbis
387 2610 552 2684 irritatus
587 2634 717 2684 cernes
744 2608 834 2683 abiit
857 2609 1038 2683 velociter
1066 2628 1232 2705 sequens
1295 2606 1297 2610 ’

134 2710 280 2783 hostes.
323 2711 371 2784 At
394 2710 446 2782 illi
470 2722 678 2809 posuerant
702 2722 787 2811 post
813 2735 856 2785 se
883 2709 1056 2806 insidias,
1086 2717 1234 2781 etcum

13 2877 17 2894 q
135 2810 337 2909 preteriret
355 2834 484 2884 corues
504 2836 590 2884 cum
609 2813 754 2910 paucis,
773 2822 1018 2886 surrexerunt
1035 2808 1169 2883 insidie
1189 2808 1234 2879 de

135 2911 230 2985 loeis
250 2912 329 2985 suis
343 2923 689 3011 percusseruntque
709 2912 914 2987 comiteur⁰
933 2923 1067 2987 etcum
1079 2934 1123 2983 eo
1134 2910 1234 2983 viros

137 3013 246 3112 quasi
270 3012 414 3110 viginti,
442 3022 480 3085 et
504 3012 676 3088 abierunt
692 3014 751 3087 via
772 3014 862 3086 suu⁷
882 3038 966 3087 curn
987 3015 1102 3111 preda
1121 3031 1235 3108 quani

137 3122 353 3212 rapuerant.
391 3112 646 3187 Provinciales
671 3124 799 3188 autem
827 3115 967 3215 pariter
990 3114 1235 3210 insequentes

138 3214 366 3289 invenerunt
399 3212 576 3287 comitem
603 3214 863 3313 interfectum
901 3227 1013 3316 caput
1035 3239 1125 3289 vero
1155 3211 1237 3285 eius

140 3340 216 3389 uon
235 3324 472 3415 repererunt,
492 3338 536 3387 eo
554 3318 653 3413 quod
668 3318 864 3390 desectum
874 3317 996 3391 Sclavi
1006 3317 1094 3389 illud
1106 3336 1239 3389 secum

139 3417 347 3490 duxissent.
366 3416 474 3505 Quod
486 3419 727 3512 postmodum
736 3419 852 3491 multo
862 3416 988 3517 precio
1000 3419 1239 3515 redemptum

141 3516 178 3589 in
199 3516 328 3615 patriis
348 3516 581 3590 reconditum
601 3528 660 3591 est
679 3520 902 3617 sepulchris.

219 3620 277 3693 36.
302 3617 357 3690 De
374 3619 624 3703 intersectione
640 3618 905 3715 Rupiunorum.
959 3620 1156 3695 Comitianr
1177 3642 1239 3689 va-

142 3729 294 3791 cantem
313 3719 414 3793 dedit
430 3718 600 3791 Luderus
619 3722 692 3793 dux
711 3720 823 3794 nobili
841 3720 921 3795 viro
936 3721 1066 3793 Adollo
1086 3723 1131 3794 de
1150 3719 1240 3793 Seo-

145 3919 170 3991 1)
189 3918 383 3991 Genealogiarn
402 3921 472 3975 benc
491 3921 574 3977 babet
591 3923 662 3979 Anu.
682 3920 754 3978 suo
773 3923 799 3976 b.
820 3940 845 3977 a.
933 3920 960 3993 2)
981 3918 1060 3975 cont.
1079 3917 1152 3975 Anu.
1172 3918 1240 3973 llil-

144 3993 265 4049 desbem.
284 4012 309 4048 a.
322 3992 402 4048 1110.
476 3995 502 4065 3)
522 3995 700 4059 seducerent.
773 3995 799 4065 4)
819 3996 836 4053 i.
847 4013 872 4050 e.
891 3994 1020 4065 captivos,
1040 3993 1111 4049 conl.
1126 4010 1183 4064 cap.
1194 3992 1240 4049 37.

144 4066 171 4139 b)
195 4066 251 4123 Vos
269 4070 401 4136 clamoris,
420 4066 547 4124 leremias
565 4068 593 4135 8,
604 4067 662 4133 -193
680 4067 726 4134 25,
743 4068 789 4123 36.
864 4068 890 4140 6)
911 4066 944 4125 V.
952 4067 1052 4123 Annal.
1071 4064 1240 4124 llildesbem.

143 4158 170 4197 a.
191 4140 275 4204 lllll;
300 4140 400 4196 Auusl.
425 4139 487 4196 Sax.
510 4146 608 4197 eodem
634 4158 719 4195 anno:
766 4142 899 4199 Occiditur
924 4141 1083 4211 Godesridus
1102 4155 1189 4197 comes
1209 4142 1242 4196 (le

145 4214 346 4270 damnaturos.
394 4212 427 4269 V.
448 4216 529 4270 etiarn
555 4212 662 4271 Neorol.
690 4214 845 4285 bureburg.
879 4223 906 4270 et
932 4213 1095 4271 Mollenbec.
1113 4213 1140 4270 4.
1171 4210 1240 4269 Nou.

144 4284 244 4342 Norbr.
271 4296 297 4341 et
317 4286 468 4360 [lemburg.
497 4288 530 4345 U.
549 4288 582 4345 B.
601 4287 635 4343 T.
656 4286 676 4354 l,
701 4307 729 4359 p.
750 4287 803 4349 117
829 4295 856 4343 et
881 4304 952 4360 quae
976 4287 1067 4341 notari
1093 4286 1195 4342 ibidem
1215 4294 1242 4341 et

144 4377 171 4429 p.
189 4358 254 4418 806.
293 4361 319 4434 7)
339 4362 414 4417 altre
432 4366 476 4417 uia
494 4378 553 4419 suo.
593 4359 809 4417 Germautsmua:
825 4364 918 4417 actaeo
941 4358 1001 4433 Weq
1019 4362 1112 4431 pelen.
