3000 4900
159 445 1113 553 HELMOLDICHRONICASLAVORUM.·LIB.1.
1165 480 1214 555 53

107 670 175 745 filii
195 673 430 772 chescclci,
457 673 520 774 qui
547 699 656 774 spem
683 699 793 750 suam
818 676 856 750 in
880 680 975 752 duce
994 691 1216 778 posuerant,

110 797 230 872 super
247 776 421 849 baculum
441 776 689 850 arundineum
709 787 824 877 atque
843 780 1078 853 confractum
1102 779 1215 858 innisi

13 943 14 946 ,
108 875 186 948 sint
195 874 221 948 ¹.
251 875 258 878 ⁸

13 1051 15 1082 ,
184 975 371 1049 Defuncto
390 975 571 1050 Ordulfc²
590 976 778 1051 successit
796 980 832 1051 in
848 978 1099 1078 principatum
1114 979 1213 1055 filius

13 1109 14 1120 ¹
110 1075 194 1148 eius
222 1077 397 1174 Magnus,
424 1087 536 1151 natus
562 1081 608 1152 de
635 1077 709 1152 filia
739 1079 841 1178 regis
861 1080 1089 1154 Danorum⁸.
1132 1082 1214 1156 Sta·

108 1176 254 1276 timque
281 1178 318 1249 in
346 1176 429 1276 ipso
457 1178 690 1278 principatus
719 1181 777 1254 sui
805 1182 956 1254 exordio
984 1183 1031 1254 ad
1057 1187 1214 1257 subner-

13 1361 14 1364 ,
108 1279 256 1351 vandos
276 1278 496 1352 Sclavcrum
513 1281 674 1354 rebelles
690 1281 858 1353 animum
875 1292 913 1354 et
927 1283 1027 1355 vires
1043 1283 1214 1378 intendit,

110 1389 321 1452 exacuente
341 1401 428 1452 eum
449 1381 493 1452 ad
514 1379 549 1453 id
568 1380 688 1454 Butue
707 1379 783 1455 filio
804 1381 1037 1455 Godescclci.
1090 1387 1138 1456 At
1162 1382 1214 1456 illi

108 1480 340 1552 unanimiter
373 1481 557 1578 refragari
594 1492 797 1580 ceperunt,
837 1482 957 1556 secuti
994 1485 1214 1582 Crotonem,

107 1578 227 1652 filium
248 1580 363 1675 Grini,
391 1581 452 1679 qui
480 1591 562 1655 erat
584 1581 804 1656 inimicicias
824 1607 1008 1658 exercens
1028 1587 1213 1658 adversus

108 1682 355 1754 christianum
371 1704 510 1755 nomen
527 1692 565 1756 et
580 1683 763 1756 honorem
778 1683 1001 1784 principum.
1033 1685 1078 1758 Et
1092 1685 1212 1784 primo
1304 1723 1314 1734 =

108 1781 263 1880 quidem
282 1781 402 1855 Butue
421 1782 613 1881 provincia
632 1785 873 1883 pepulerunt,
892 1785 1109 1884 diripientes
1130 1811 1213 1884 pre-

110 1882 221 1979 sidia,
249 1882 285 1954 in
313 1882 445 1981 quibus
466 1883 685 1982 confugium
704 1887 876 1960 habebat.
926 1887 1065 1959 Videns
1084 1897 1214 1961 autem

109 2007 154 2057 se
173 1983 382 2082 principatu
399 1994 603 2082 extorrem,
622 1987 791 2084 confugit
806 1990 855 2060 ad
867 1991 1001 2061 ducem
1017 1987 1213 2084 Magnum,

108 2083 172 2182 qui
200 2093 291 2155 tunc
319 2084 415 2157 forte
434 2085 663 2184 Lunenburg
688 2090 864 2185 degebat,
892 2097 930 2161 et
948 2087 1133 2160 allocutus
1153 2099 1214 2162 est

109 2209 218 2258 enm:
247 2184 353 2258 Nonii
369 2185 575 2258 excellentia
594 2194 669 2281 iun,
695 2191 854 2262 virorum
872 2191 1040 2282 monime,
1059 2188 1215 2286 qualiter

105 2293 214 2380 pater
231 2307 331 2358 mem
349 2285 590 2360 Godeccnlcns
605 2285 925 2380 procurationem⁴
947 2287 1111 2362 Sciceice
1122 2312 1213 2384 pro·
1299 2303 1303 2311 ’

13 2387 14 2390 ’
108 2388 219 2459 vincic
238 2385 290 2459 nd
306 2385 477 2460 honorem
496 2386 564 2459 Dei
581 2395 614 2460 et
629 2391 871 2485 propem'imis
888 2390 939 2461 ini
955 2388 1104 2477 fideliter·
1120 2414 1212 2463 scen·

107 2511 172 2581 per
185 2489 376 2583 intorserit,
391 2488 498 2561 nichil
504 2493 768 2583 pretermittens
782 2514 918 2585 eornm,
933 2512 999 2585 qne
1014 2489 1066 2562 ad
1078 2489 1211 2563 cultum

107 2587 175 2659 Dei
200 2594 234 2659 ci
249 2587 353 2677 [idem
371 2590 571 2683 principum
591 2593 668 2663 inre
683 2592 928 2685 pertinuerint.
971 2589 1050 2685 Epo
1070 2614 1210 2686 quoqne

103 2694 298 2783 paternam
326 2688 488 2761 emulans
515 2689 740 2784 modestiam,
768 2693 866 2762 onrni
887 2689 955 2779 fide
974 2697 1008 2762 ct
1024 2689 1210 2764 devotione

107 2788 294 2861 mandatis
309 2790 507 2882 principum
528 2790 779 2885 obsecundant,
805 2793 948 2880 infinitis
972 2814 1028 2863 me
1054 2791 1211 2864 obiciens

106 2888 293 2983 perieulis,
319 2894 360 2960 nt
382 2888 468 2961 mihi
495 2890 549 2962 vei
574 2914 727 2963 vacnum
754 2892 904 2963 honoris
929 2913 1077 2984 nomen,
1110 2893 1210 2964 nobis

107 3012 192 3061 vero
218 2990 359 3074 sencino
383 2996 619 3083 permaneret.
669 2992 794 3081 Qualis
812 2998 931 3063 antem
949 2989 1085 3064 mercer
1102 2998 1138 3088 ei
1153 3015 1210 3094 me

107 3096 140 3161 ei
161 3095 305 3185 patrem
331 3112 447 3161 menm
475 3093 660 3185 exceperit,
687 3095 860 3164 neminem
884 3091 983 3184 inici,
1011 3115 1091 3164 cnm
1109 3091 1208 3164 ilium

108 3189 247 3285 quidem
267 3191 351 3283 vita,
375 3214 431 3263 me
446 3193 571 3285 patria
590 3195 782 3264 exemerint
797 3192 917 3265 horter
933 3193 1058 3286 nostri,
1076 3191 1208 3286 hostes,

106 3293 265 3387 inquam,
293 3313 365 3362 non
391 3298 529 3363 tantum
554 3294 679 3385 nostri,
707 3292 905 3365 sedetiam
932 3294 992 3364 tui.
1043 3291 1084 3363 Si
1100 3293 1211 3387 ipitnr

106 3389 279 3462 honorem
292 3397 390 3463 tuum
406 3398 441 3464 ei
457 3392 608 3465 salntem
628 3399 770 3464 tuorum
790 3416 921 3465 cnrnre
939 3392 1104 3485 volneris,
1123 3391 1207 3463 ciri·

107 3492 173 3563 bns
191 3497 226 3562 et
242 3492 355 3564 nemis
373 3492 540 3571 utendum
566 3499 627 3565 est.
680 3492 839 3588 Denique
856 3494 1006 3579 fortuna
1024 3498 1152 3566 nestra
1171 3493 1209 3565 in

106 3597 263 3664 extremo
290 3592 362 3664 cita
388 3598 456 3688 esi,
492 3599 525 3665 ei
550 3593 811 3665 maturandum
837 3599 906 3686 est,
934 3615 977 3664 ne
1000 3592 1098 3665 nitra
1123 3616 1208 3687 pro·

105 3691 306 3787 prodieniec
340 3693 473 3765 inimici
507 3695 614 3765 eiiam
650 3693 984 3789 Nordnibinpornm
1017 3694 1208 3787 provincia
1288 3740 1292 3746 -

108 3794 316 3865 abutantur.
364 3792 444 3867 Hiis
469 3792 604 3867 auditis
628 3795 703 3866 dux
721 3792 934 3892 respondit:
962 3790 1042 3864 Non
1057 3815 1207 3886 pcernm

106 3892 177 3967 hnc
194 3894 268 3966 vice
285 3895 359 3989 ipre
377 3895 509 3991 epredi,
537 3918 578 3966 eo
597 3894 694 3990 quod
710 3894 874 3969 detinear
896 3893 1040 3989 mnpnir
1062 3892 1209 3986 impedi·

107 3996 248 4087 mentis,
274 3994 340 4068 sed
366 3994 462 4068 dabo
488 3997 551 4069 tibi
574 3995 738 4093 Bardos,
766 3995 1003 4088 Siurmarior,
1029 3992 1208 4065 Hoizntos

107 4183 130 4252 1)
157 4182 256 4237 Esaiae
282 4202 306 4238 c.
326 4182 371 4239 88.
390 4202 416 4238 r.
436 4184 462 4240 6.
551 4187 579 4257 2)
607 4184 669 4240 Dux
695 4183 829 4239 Ordulfm
854 4184 921 4237 onin
946 4182 1027 4235 1071.
1054 4180 1134 4237 Mrrt.
1159 4180 1206 4237 28.

105 4256 130 4327 3)
150 4256 209 4311 ccii.
230 4256 386 4321 wanhun,
405 4259 477 4313 coni.
497 4258 596 4313 Adami
616 4260 633 4316 Ι.
655 4259 690 4325 11,
710 4258 755 4313 ⁷5.
822 4257 849 4328 4)
867 4258 885 4313 i.
906 4274 929 4312 e.
949 4254 1121 4321 beneficium,
1140 4254 1207 4309 icu-

105 4332 177 4394 dum,
198 4329 451 4389 Steuhnltcrschnst.
