3000 4900
163 414 407 513 HELMOLDI
425 414 666 492 CHRONlCA
684 415 954 492 SLAVORUM.
980 417 1067 491 ΗΒ.
1087 417 1111 490 l.
1164 423 1212 494 79

113 617 387 692 multitudinem
423 626 667 716 peremerunt
699 615 738 690 in
770 641 836 692 ore
870 617 1005 715 gladii,
1040 629 1212 717 pretereo

113 718 322 818 principem
342 742 472 792 eorum
494 717 682 817 captivum
697 741 830 792 secum
846 721 1214 818 abduxerunt,vene·

113 829 274 918 rontqne
300 821 346 893 ad
370 817 587 893 Heinricum
614 827 652 892 et
678 819 885 894 exercitum
913 819 976 918 qui
996 820 1132 896 eratin
1152 825 1215 895 ob·

114 919 272 1015 sidione,
300 945 385 993 cum
414 919 537 994 salute
565 917 760 993 victoriam
790 931 828 993 et
852 919 999 994 divitias
1026 921 1213 998 maximas

115 1031 365 1120 reportantes.
401 1020 488 1094 Post
507 1043 649 1119 pancos
669 1030 796 1094 autem
815 1020 896 1094 dies
914 1021 1062 1095 Brizani
1082 1023 1214 1097 ceteri·

113 1146 186 1220 que
214 1121 376 1195 rebelles
402 1145 537 1219 pacem
563 1121 871 1219 postulaverunt,
898 1121 993 1196 datis
1022 1123 1212 1198 obsidibus

113 1247 210 1321 quos
236 1221 435 1296 Heinricns
461 1221 645 1295 voluisset
660 1219 685 1293 ¹.
720 1223 843 1319 Atque
867 1222 904 1296 in
931 1223 1031 1296 hunc
1059 1228 1212 1298 modum

111 1321 255 1397 sedatis
282 1322 506 1416 rebellibus,
533 1320 731 1396 Heinricns
767 1325 813 1396 ad
843 1347 913 1396 sua
939 1347 1118 1399 reversus
1145 1336 1213 1402 est.

111 1421 451 1520 Nordalbingorum
480 1447 627 1521 quoque
662 1422 789 1522 populi
817 1426 863 1497 ad
896 1427 1009 1498 sedes
1037 1450 1127 1500 suas
1155 1451 1214 1500 re·

15 1564 16 1589 1
113 1523 215 1598 versi
235 1533 333 1596 sunt.

15 1686 16 1721 3
190 1627 249 1698 38.
283 1621 477 1718 Expeditio
505 1622 724 1697 Solooorum
750 1625 788 1696 in
812 1629 950 1696 terram
972 1626 1212 1701 Rutenorum.

15 1724 16 1783 i
109 1724 254 1797 Accidit
273 1725 444 1823 posthoc
460 1735 501 1797 ut
519 1749 616 1799 unus
635 1723 734 1798 lilius
753 1723 930 1823 Heinrici‚
949 1727 1212 1802 Woldemarus

15 1830 16 1877 ἕ
111 1827 286 1923 nomine,
322 1825 557 1899 occideretur
588 1824 763 1900 aRanis.
815 1825 1070 1914 Quamobrem
1105 1838 1215 1926 pater

114 1927 242 2000 dolore
269 1925 410 2025 pariter
429 1935 467 1998 et
484 1925 539 1999 ira
564 1937 774 2026 permotus,
799 1950 953 1999 ornnem
973 1928 1139 2003 animum
1159 1929 1214 2002 in-

109 2025 230 2102 tendit
253 2029 299 2099 ad
324 2029 605 2125 rependendam
626 2027 817 2100 talionem.
859 2026 1034 2126 Misitque
1054 2029 1212 2104 nuncios

111 2127 148 2199 in
179 2127 377 2202 universas
397 2126 619 2202 Solavorum
649 2127 862 2226 provincias
891 2131 936 2202 ad
957 2131 1213 2204 contrahenda
1307 2209 1310 2215 ,

111 2227 268 2322 auxilia5
283 2239 615 2326 conveneruntque
625 2252 759 2302 omnes
770 2227 850 2326 pari
861 2228 1052 2321 voluntate
1063 2234 1213 2307 eadem-

112 2354 185 2426 que
217 2328 427 2424 sententia3
460 2339 501 2401 ut
532 2339 726 2427 parerent,
745 2328 975 2404 iussionibus
1011 2333 1113 2430 regis
1151 2358 1213 2406 ex-

109 2436 399 2528 pugnarentque
418 2429 560 2529 llanos⁷
577 2427 615 2504 et
628 2431 780 2505 fuerunt
791 2429 1088 2507 innumerabiles
1104 2433 1213 2533 quasi
1279 2514 1282 2519 ,

113 2555 228 2604 arena
254 2532 371 2605 maris
382 2530 407 2603 ².
449 2531 527 2604 Nec
554 2532 626 2605 hiis
652 2541 866 2629 contentus,
891 2532 993 2606 misit
1021 2537 1066 2607 ad
1087 2559 1213 2609 accer-

15 2719 16 2728 )
113 2632 265 2705 siendos
284 2631 471 2729 Saxones,
490 2656 556 2705 ecs
576 2632 720 2707 scilicet
739 2632 801 2730 qui
817 2635 863 2707 de
877 2634 1046 2708 Holzatia
1059 2646 1096 2709 et
1109 2636 1213 2710 Stur-

15 2735 16 2742 ’
112 2732 232 2806 maria
250 2744 351 2830 sunt,
371 2756 619 2807 commonens
639 2758 706 2807 eos
721 2733 867 2832 private
882 2734 1055 2811 amicitie.
1087 2737 1135 2809 Et
1153 2761 1212 2810 se-

15 2826 16 2884 l
112 2832 186 2906 cuti
206 2844 293 2908 sunt
317 2858 404 2907 eum
422 2835 536 2932 pleno
557 2838 682 2932 corde,
700 2858 859 2908 numero
880 2837 987 2932 quasi
1013 2838 1114 2911 mille
1130 2862 1212 2912 sex·

15 2935 16 2944 ’
112 2934 222 3007 centi.
264 2934 513 3033 Transitoque
543 2932 699 3009 flumine
726 2935 918 3033 Trabena,
945 2938 1119 3012 abierunt
1145 2964 1213 3037 per

110 3034 357 3133 longissimos
382 3034 479 3109 fines
500 3036 724 3118 Polaborum
751 3048 938 3110 eteorum
959 3038 1021 3135 qni
1040 3039 1212 3114 dicuntur

111 3134 291 3230 Obotriti‚
318 3160 515 3235 quousque
543 3136 786 3235 pervenirent
812 3141 858 3211 ad
886 3139 1015 3212 Penim
1043 3138 1210 3216 lluvium.

111 3235 194 3325 Quo
213 3238 453 3335 transmisso,
470 3238 686 3311 direxerunt
699 3237 771 3311 iter
788 3241 834 3311 ad
846 3242 975 3313 urbem
988 3265 1061 3335 que
1079 3240 1211 3314 dicitur

110 3336 312 3435 Woligost,
336 3342 434 3436 apud
463 3336 709 3413 urbaniores³
732 3350 890 3411 vocatur
916 3340 1008 3413 lolia
1025 3342 1210 3439 Augusta,

109 3448 267 3537 propter
290 3439 392 3512 urbis
421 3439 653 3513 conditorem
677 3438 810 3513 lulium
831 3440 1023 3515 Cesarem.
1059 3442 1138 3516 lllic
1155 3442 1210 3517 in³

109 3548 299 3612 venerunt
318 3539 535 3614 Heinricurn
559 3550 824 3640 expectantem
847 3564 924 3615 eos.
954 3542 998 3615 Et
1015 3553 1210 3642 pernocta-

109 3650 248 3714 verunt
267 3638 316 3714 ibi
334 3639 498 3739 figentes
521 3652 643 3716 castra
670 3667 744 3716 non
769 3641 883 3741 longe
904 3667 925 3715 a
948 3644 1054 3716 mari.
1096 3646 1208 3739 Mane

110 3751 240 3815 autem
266 3740 378 3839 facto,
405 3766 618 3817 convocans
637 3742 835 3818 Heinricns
864 3768 912 3843 po
943 3744 1045 3816 ulum
1064 3743 1100 3816 in
1122 3768 1209 3818 con-

110 3843 282 3933 cionem,
306 3842 489 3916 allocutus
516 3854 575 3918 est
602 3868 668 3919 eos
697 3844 844 3918 dicens:
926 3844 1206 3941 0900001100

111 3995 135 4066 1)
154 3994 233 4052 Haec
257 3996 371 4052 fortasse
395 4015 456 4051 cum
482 3997 652 4069 expeditione
677 3996 754 4051 ducis
780 3995 900 4052 Lotbarii
925 3997 1085 4053 00001121
1114 4008 1207 4053 contra

108 4066 204 4125 Slaros
222 4080 346 4141 suscepto
365 4078 537 4125 connectunt.
575 4071 610 4129 V.
630 4068 730 4126 Annal.
750 4068 813 4127 Sar.
833 4071 859 4125 b.
879 4088 903 4127 a.
977 4070 1004 4143 2)
1023 4072 1051 4127 2.
1071 4070 1145 4126 Sam.
1163 4072 1206 4139 17,

112 4141 154 4197 11.
229 4142 257 4213 3)
275 4144 441 4213 urbaniores,
461 4144 480 4199 i.
497 4162 522 4199 e.
542 4144 622 4199 docti.
651 4142 803 4215 Scriptores
821 4146 892 4199 vitae
908 4142 1014 4204 Ottonis
1033 4163 1077 4217 ep.
1095 4143 1208 4201 Boben-

108 4215 182 4287 berg.
221 4215 339 4271 lulinom
356 4215 493 4290 (wollin),
512 4234 566 4271 non
585 4234 650 4271 vero
667 4214 797 4286 wolgast,
818 4234 888 4290 quae
907 4223 978 4291 apud
994 4236 1041 4275 eos
1057 4217 1206 4291 llologos'ta

109 4288 191 4355 audit,
211 4290 347 4344 conditum
367 4308 426 4345 esso
446 4309 460 4345 a
480 4289 550 4345 lulio
568 4288 685 4345 Caesone
704 4289 868 4349 fabulentur.
