3000 4900
248 447 298 519 ro
348 443 594 519 ununonnr
614 410 853 524 cononice
879 441 1149 518 smvonou.
1176 441 1262 516 mn.
1283 441 1308 515 1.

160 645 319 721 trooviri
345 643 489 719 scilicet
514 644 671 742 sensati,
704 667 815 718 cesar
843 642 1079 744 compescuit
1108 667 1176 718 eos
1201 642 1352 718 dicens:

251 745 384 842 Nolite,
413 767 536 844 queso,
565 747 678 818 irasci
702 747 740 818 in
768 767 860 817 eum.
904 745 999 818 Ecce
1025 743 1122 834 filius
1148 767 1267 840 mens,
1292 746 1354 840 qui

253 869 418 944 eprcssus
451 853 506 918 est
536 844 581 919 ele
609 852 712 918 utero
737 844 858 942 πηοί,
890 849 1011 944 puerit
1034 847 1199 918 animum
1222 868 1354 939 rnenm,

253 954 392 1047 quanto
411 948 531 1043 mnyis
548 945 715 1020 alienant
746 945 863 1020 Sinite
881 968 962 1019 eum
980 953 1023 1020 nt
1038 944 1249 1039 maledicat,
1267 947 1356 1044 puin

254 1047 424 1122 uoluntas
440 1046 509 1119 Dei
526 1054 590 1120 est.
975 1084 978 1092 ι
1138 1089 1144 1097 .

330 1150 420 1222 Erat
455 1159 583 1222 autem
619 1147 693 1220 illic
721 1149 925 1247 episcopus
960 1146 1151 1245 Spirensis
1170 1145 1198 1244 ²7
1235 1146 1358 1220 cesari

257 1252 446 1349 quondam
466 1248 755 1344 dilectissimum
774 1273 863 1323 nam
883 1259 921 1321 et
936 1249 1121 1348 templum
1135 1247 1273 1345 iugens
1287 1246 1358 1321 Dei

131 1395 134 1400 Α
257 1350 430 1449 genitrici
449 1354 546 1449 apud
567 1348 716 1450 Spiram
736 1347 1034 1446 construxerant,
1061 1359 1239 1448 preterea
1270 1347 1358 1421 civi·

255 1461 372 1525 tatem
408 1461 446 1524 et
475 1451 715 1550 episcopium
747 1453 928 1524 decenter
954 1460 1207 1546 promoverat.
1259 1446 1359 1523 Dixit

256 1577 347 1648 ergo
377 1575 487 1626 cesar
514 1555 559 1624 ad
585 1550 749 1624 amicum
777 1575 887 1626 suum
911 1550 1134 1650 episcopum
1157 1553 1204 1624 de
1228 1548 1359 1650 Spirat

255 1653 348 1726 Ecce
380 1650 575 1725 destitutus
599 1675 710 1748 reqno
731 1650 866 1732 ,decidi
898 1675 923 1723 a
948 1674 1031 1748 spe,
1064 1649 1244 1748 nichilque
1272 1648 1360 1722 nrilri

256 1751 382 1826 utilius
409 1758 474 1848 est,
501 1775 612 1850 quum
640 1755 856 1826 renunciare
873 1750 1009 1824 militie.
1044 1750 1105 1824 Dn
1122 1753 1235 1847 initur
1251 1748 1361 1823 miclri

134 1928 136 1934 ,
252 1851 480 1948 prebendam
497 1851 600 1946 opud
617 1851 779 1950 Spirnm,
798 1859 841 1925 nt
855 1855 924 1925 sim
941 1850 1108 1941 famulus
1126 1851 1271 1925 domine
1283 1873 1360 1923 mee

213 1982 219 1996 ·
258 1953 327 2026 Dei
342 1955 545 2050 penetricis,
574 1956 634 2025 cni
651 1953 805 2027 deuotus
822 1976 964 2047 semper
983 1953 1116 2025 exstiti.
1153 1951 1248 2025 Novi
1266 1953 1361 2024 enim

259 2054 403 2128 litteras
428 2060 465 2127 et
474 2076 630 2147 possum
647 2053 770 2128 ndlrnc
786 2054 990 2127 subservire
1012 2052 1136 2126 clroro.
1171 2054 1226 2126 Ad
1246 2073 1359 2151 quem

259 2155 340 2229 ille:
383 2154 453 2226 Per
479 2161 652 2252 matrem,
690 2155 828 2253 inquit,
856 2153 1018 2250 domine,
1044 2177 1118 2226 non
1136 2155 1278 2241 faciam
1295 2152 1362 2226 tibi

259 2253 359 2355 qnod
376 2257 484 2348 petis.
523 2257 627 2328 Tunc
653 2279 764 2330 cesar
781 2255 979 2353 suspirans
1006 2265 1045 2327 et
1061 2253 1290 2328 illacrimans
1314 2254 1361 2326 ad

262 2357 551 2431 circumstantes
568 2356 637 2430 ait:
655 2355 876 2430 Miseremini
893 2358 974 2454 mci,
988 2357 1207 2428 miseremini
1214 2357 1284 2428 mei
1296 2378 1362 2427 vos

259 2458 403 2555 saltem,
422 2460 533 2530 amici
550 2461 630 2555 mei,
649 2461 736 2557 puin
755 2481 888 2531 munus
903 2457 1053 2530 Domini
1071 2459 1189 2553 tetiqit
1204 2454 1292 2531 met.

253 2569 255 2573 ’
337 2559 507 2633 Mortuus
542 2572 603 2634 est
637 2572 766 2633 autem
794 2583 903 2634 cesar
934 2583 980 2631 eo
1003 2568 1176 2656 tempore
1196 2553 1362 2650 Leodii⁶‚

263 2660 441 2758 stetitque
459 2661 596 2758 corpus
614 2660 695 2735 eius
713 2661 951 2734 inhumatum
974 2658 1011 2730 in
1037 2657 1182 2756 capella
1200 2660 1364 2757 quadarn

198 2832 200 2838 ,
262 2758 442 2857 deserta⁶
474 2762 639 2860 quinque
671 2761 813 2835 annist.
875 2761 994 2833 Tanta
1027 2759 1128 2832 enim
1160 2757 1364 2833 severitate

263 2863 424 2935 domnus
444 2885 543 2960 papa
562 2872 601 2935 et
620 2862 737 2936 ceteri
760 2859 967 2935 adversarii
993 2859 1074 2934 eius
1094 2860 1131 2932 in
1153 2859 1279 3007 ipsum
1297 2856 1364 2929 ulti

264 2974 365 3057 sunt,
385 2972 424 3035 ut
442 2973 632 3036 mortuum
651 2963 713 3035 vel
731 2960 878 3035 humari
898 2986 972 3034 non
993 2961 1163 3034 sinerent
1188 3017 1197 3032 .

340 3064 371 3137 Ο
392 3087 531 3160 magna
559 3063 626 3137 Dei
653 3063 801 3160 iudicia,
826 3086 900 3161 que
920 3062 1107 3161 completa
1126 3059 1270 3135 suntin
1288 3069 1366 3133 tam

265 3163 480 3265 prepotenti
508 3163 608 3237 viro!
653 3162 889 3262 Sperandum
918 3173 1046 3236 autem
1071 3165 1171 3261 quod
1196 3160 1367 3234 caminus

266 3265 329 3337 ille
347 3263 597 3338 tribulationis
616 3265 808 3338 decoxerit
822 3264 857 3336 iu
875 3287 920 3337 eo
936 3264 1112 3359 scoriam,
1130 3260 1258 3335 tulerit
1271 3259 1368 3335 rubi-

267 3365 417 3464 ginem:
444 3366 618 3463 quotiens
639 3365 795 3438 enimin
816 3364 985 3463 presenti
1003 3364 1226 3460 iudicamur,
1251 3386 1273 3435 a
1295 3362 1369 3435 Do·

269 3537 294 3609 l)
313 3536 331 3593 i.
351 3553 376 3591 e.
396 3539 431 3591 de
455 3536 554 3591 lumbis
573 3536 650 3592 meis.
689 3536 759 3593 Ecce
784 3566 819 3578 -
844 3537 896 3593 Dei
919 3542 961 3593 est
984 3544 1046 3591 sunt
1072 3536 1130 3591 lere
1154 3536 1237 3589 rerba
1258 3531 1371 3588 Daritis

268 3613 303 3664 de
321 3609 469 3673 Absalone,
488 3611 516 3664 2.
533 3608 607 3666 Sam.
623 3627 683 3681 cap.
702 3608 745 3664 16.
761 3628 786 3664 r.
805 3608 848 3664 ti.
886 3608 966 3665 Cous.
986 3609 1025 3663 ibi
1044 3608 1124 3663 etism
1140 3625 1167 3666 r.
1184 3607 1202 3661 'l
1218 3625 1269 3679 sq„
1289 3623 1370 3679 quem

268 3684 357 3738 locum
388 3684 422 3738 ele
448 3680 539 3737 Semci
567 3681 759 3737 maledictione
788 3682 817 3736 in
842 3681 974 3738 Doridem
998 3680 1164 3738 Helmoldus
1187 3689 1281 3736 noster
1306 3696 1371 3751 prae

269 3758 355 3812 oculis
374 3755 478 3811 habuit.
490 3818 493 3823 ¹
507 3756 585 3811 Alter
603 3756 726 3813 Absalon
745 3754 892 3811 Heinricus
909 3754 942 3812 V.
956 3772 1065 3843 qnoque
1080 3756 1157 3817 audit
1172 3753 1245 3810 Anu.
1262 3752 1373 3808 Roseu-

269 3830 340 3883 reld.
357 3847 383 3883 a.
395 3829 476 3884 1105.
549 3830 577 3903 2>
598 3828 767 3893 Gebhardus
789 3830 832 3884 cui
851 3846 900 3884 rex
918 3827 1065 3884 Heinricus
1083 3836 1187 3901 patrem
1208 3845 1233 3882 a.
1255 3824 1325 3879 1105
1344 3825 1373 3878 in

270 3903 322 3973 rig.
343 3902 423 3957 ustir.
443 3900 553 3957 Domini
573 3903 780 3958 custodiendum
801 3902 980 3973 commiserat,
1000 3904 1110 3974 quando
1129 3910 1223 3974 captus
1240 3900 1328 3955 luerat
1343 3898 1373 3951 iu

270 3974 455 4039 Dekelnheim‚
474 3993 501 4031 r.
519 3974 675 4032 Ettehard.
695 3976 721 4030 h.
742 3992 768 4030 e.
805 3975 918 4032 Amicus
938 3976 1053 4030 csesmis
1074 3974 1209 4030 lohannes
1227 3974 1301 4028 diem
1320 3990 1374 4026 su-

270 4066 392 4120 premum
409 4048 462 4102 iarn
479 4048 584 4104 obicrst
600 4066 624 4107 a.
644 4048 723 4104 1104.
798 4050 816 4102 3
846 4049 988 4104 ecclesiam
1006 4046 1036 4102 S.
1046 4047 1150 4104 Mariae
1166 4046 1272 4119 Spirae.
1291 4061 1374 4119 quam

271 4124 324 4175 ism
350 4118 492 4176 Corradus
517 4120 553 4178 ll.
577 4130 605 4177 et
629 4120 776 4176 Heinricus
801 4120 849 4175 ll.
880 4122 1023 4176 aedificare
1049 4129 1202 4192 coeperant.
1253 4116 1295 4174 Cl.
1319 4116 1375 4171 Vit.

273 4194 369 4249 Heinr.
391 4192 437 4249 Ν.
458 4213 481 4250 c.
503 4195 527 4248 1.
603 4194 630 4269 4)
650 4194 699 4250 lob
719 4213 743 4249 c.
765 4194 808 4259 19,
827 4193 874 4251 21.
947 4192 1214 4264 5)1106.Aug.7.
1290 4190 1375 4320 Dese.

272 4266 469 4395 {piraeblipn
490 4266 615 4394 lpisilbod.
636 4286 660 4324 r.
680 4267 759 4323 troo.
833 4266 861 4340 t)
880 4265 1037 4326 Etlrebard.
1057 4267 1173 4323 ntur.
1248 4262 1277 4336 8)
1318 4264 1375 4319 ont.

299 4358 345 4399 na.
391 4341 422 4395 isi
443 4341 488 4395 odi
519 4381 526 4396 .
559 4381 565 4397 .
