3000 4900
167 463 410 538 Hsunouol
428 464 671 541 eunomus
688 463 957 540 SLAVORUM.
984 462 1070 538 Llll.
1090 463 1115 536 l.
1168 470 1214 540 81

118 689 247 762 regem
274 675 312 738 et
331 665 537 739 exercitum
555 666 814 765 peregrinum,
841 675 878 740 et
905 664 1033 763 pronis
1053 664 1215 740 vultibus

117 768 375 839 adoraverunt.
421 766 526 855 Quos
552 767 768 840 resalutans
795 766 993 840 Heinricus
1021 776 1059 840 et
1081 767 1215 840 adhor-

116 875 212 960 tans,
235 866 335 964 cepit
353 867 589 964 percunctari
609 871 654 940 de
677 867 825 964 itinere,
844 876 882 940 et
902 865 1055 964 quinam
1074 866 1111 939 in
1131 891 1214 966 pro·

114 990 224 1040 cessu
253 970 435 1041 deberent
459 991 548 1042 esse
568 967 688 1064 primi.
723 967 891 1065 Singulis
910 975 1036 1040 autem
1056 967 1212 1042 ducibus

114 1068 284 1141 certatim
311 1092 354 1142 se
382 1068 642 1164 offerentibus,
668 1071 946 1166 responderunt
963 1067 1135 1142 Saxones
1161 1070 1213 1145 di·

113 1180 261 1242 centes:
295 1168 423 1242 Nostri
440 1170 532 1242 iuris
550 1192 627 1242 esse
645 1168 860 1266 dinoscitur,
885 1167 995 1241 atad
1015 1167 1110 1242 bella
1124 1193 1212 1262 pro-

111 1267 312 1342 cedentium
341 1294 409 1342 nos
432 1272 557 1366 primi,
588 1268 815 1344 redeuntium
839 1271 1027 1343 nouissimi
1052 1270 1212 1342 invenia-

111 1391 202 1442 mur.
248 1371 376 1466 Leqem
400 1373 513 1466 ipitur
536 1394 561 1442 a
581 1370 756 1463 patribus
780 1369 960 1443 traditam
984 1377 1021 1443 et
1035 1368 1211 1444 hactenus

104 1493 316 1562 possessam
339 1471 409 1543 boc
435 1473 547 1544 etiam
571 1471 653 1544 loco
672 1473 817 1544 minime
841 1468 1094 1567 neplipendam
1112 1470 1195 1543 arbi

108 1578 264 1644 tramur.
283 1573 328 1646 Et
338 1572 470 1644 annuit
482 1572 539 1645 eis
551 1596 627 1645 rex.
650 1572 755 1646 Licet
768 1572 866 1645 enim
879 1571 1099 1646 Sclavorum
1116 1572 1210 1644 mul-

107 1683 166 1745 tus
185 1683 294 1745 esset
306 1696 502 1769 numeruS,
521 1672 719 1746 Heinricus
739 1683 869 1746 tamen
884 1697 927 1746 se
942 1696 1015 1744 non
1033 1674 1209 1746 credebat

106 1772 175 1868 eis,
193 1797 240 1844 eo
257 1776 353 1870 quod
369 1773 450 1870 ipse
466 1785 597 1847 nosset
610 1795 755 1846 omnes.
781 1773 933 1847 Levatis
948 1772 1062 1870 igitur
1073 1771 1207 1869 signis,

105 1872 277 1946 Saxones
320 1873 513 1971 pecierunt
555 1874 591 1946 in
628 1874 772 1969 fronte,
815 1883 942 1947 cetera
983 1874 1205 1948 Sclavorum

104 1974 257 2071 agmina
286 1974 364 2047 suis
392 1974 583 2048 ordinibus
609 1978 813 2049 subsecuta
840 1984 937 2048 sunt.
981 1974 1027 2046 Et
1049 1982 1124 2046 tota
1145 1973 1204 2047 dic

105 2074 341 2147 ambulantes
370 2074 406 2146 in
434 2073 556 2171 glacie
576 2085 623 2148 'et
649 2076 734 2148 nive
764 2075 902 2172 multa,
937 2072 1035 2146 circa
1063 2097 1202 2147 nonam

103 2177 256 2248 taudem
283 2186 539 2273 apparuerunt
563 2175 599 2246 iu
626 2186 725 2248 terra
746 2176 1016 2273 Rugianorum.
1052 2174 1203 2248 Statim-

102 2299 173 2372 que
184 2275 394 2348 villelittori
406 2275 582 2374 contigue
596 2274 829 2349 inflammare
844 2287 942 2349 sunt.
966 2274 1063 2348 Dixit
1073 2285 1199 2348 autem

101 2375 299 2470 Heinricus
315 2380 359 2449 ad
380 2376 523 2451 socios:
557 2376 644 2466 (luis
661 2376 728 2451 ibit
744 2401 788 2449 ea
805 2377 909 2451 nobis
925 2375 1121 2472 speculari,
1140 2376 1202 2448 ubi

100 2480 149 2551 sit
184 2480 363 2551 exercitata
395 2478 612 2551 Ranoromt
659 2477 805 2551 Videtur
834 2480 927 2551 enim
955 2476 1059 2572 mibi,
1093 2480 1201 2573 quasi

100 2578 244 2652 uideam
262 2581 401 2651 eminus
417 2577 686 2651 multitudinem
703 2581 1057 2675 appropinquantem
1081 2577 1196 2651 nobis.

97 2680 236 2753 Missus
258 2703 348 2776 ergo
368 2703 453 2753 cum
474 2680 673 2778 aliquantis
688 2680 833 2754 Sclavis
853 2680 1044 2752 Saxonum
1065 2702 1198 2776 specu·
1300 2715 1302 2722 s

98 2781 192 2853 lator
219 2780 256 2851 in
279 2792 470 2853 momento
490 2804 667 2853 reversus
688 2791 759 2877 est,
784 2780 966 2853 nuncians
985 2781 1117 2853 hostes
1135 2782 1197 2854 ad·

98 2905 197 2956 esse.
239 2880 413 2978 Dixitque
439 2883 484 2953 ad
511 2882 656 2955 socios:
692 2880 920 2977 Mementote,
945 2906 967 2953 o
994 2883 1074 2976 oiri,
1101 2876 1197 2953 unde

97 2984 244 3055 emistis
268 2988 304 3054 et
326 2982 388 3053 ubi
414 2984 624 3078 consistitis,
649 3005 728 3054 ecce
754 3005 879 3055 mensa
900 2984 1027 3074 posita
1052 2988 1117 3076 est,
1145 2980 1197 3053 ad

95 3106 208 3179 quam
226 3105 315 3179 equo
335 3084 458 3155 animo
477 3082 582 3155 nobis
600 3081 846 3155 accedendum
864 3090 928 3178 est,
947 3106 1011 3155 nec
1025 3087 1081 3154 est
1092 3082 1195 3155 locus

95 3183 325 3279 subterfuqii,
344 3185 430 3279 quin
443 3190 695 3276 oporteatnos
706 3185 931 3277 participari
948 3181 1087 3256 deliciis
1105 3185 1191 3255 eius.

94 3284 188 3357 llcce
211 3287 309 3357 mari
334 3283 491 3380 undique
514 3284 676 3357 conclusi
699 3307 838 3381 sumus,
862 3282 984 3358 hostes
1010 3290 1096 3357 ante
1113 3307 1192 3381 nos,

93 3383 215 3457 bostes
240 3390 331 3477 post
350 3408 435 3480 nos,
466 3388 646 3482 periitque
676 3409 701 3457 a
731 3385 836 3458 nobis
865 3388 952 3481 supe
975 3384 1190 3479 presidium.

91 3588 159 3658 ciri
185 3585 398 3681 bellatores,
423 3588 511 3681 quia
535 3608 648 3659 unum
673 3586 854 3659 eduobus
864 3594 998 3683 restat,
1025 3594 1094 3660 aut
1115 3590 1191 3661 ain·

89 3710 170 3758 cere
206 3694 276 3759 aut
311 3688 407 3759 mori
435 3689 593 3774 fortiter.
640 3688 818 3761 lnstruxit
849 3688 962 3785 igitur
992 3686 1189 3763 Heinricus

90 3787 226 3885 aciem,
253 3787 336 3886 ipse
354 3786 580 3860 constitutus
606 3788 642 3860 in
669 3789 791 3861 fronte
811 3812 895 3861 cum
915 3786 1188 3861 robustissimis

87 3887 292 3961 Saxonum.
349 3888 527 3961 Videntes
564 3888 677 3987 igitur
706 3889 866 3985 Rugiani
892 3888 1074 3986 impetum
1106 3888 1188 3986 viri,

88 3988 292 4062 timuerunt
331 3988 466 4061 timore
505 4014 667 4087 magno,
704 3991 963 4089 miseruntque
993 3988 1187 4062 flaminem

88 4113 212 4186 suum,
232 4091 393 4187 quicum
410 4090 491 4187 ipso
513 4093 559 4163 de
576 4115 669 4189 pace
685 4103 942 4188 componeret.
978 4092 1100 4164 Primo
1121 4090 1188 4189 igi·

86 4199 145 4261 tur
161 4192 471 4288 quadringentas,
487 4192 621 4265 deinde
636 4192 873 4289 octingentas
885 4216 1032 4264 marcas
1044 4193 1185 4266 obtulit.

85 4291 254 4389 Cumque
289 4292 475 4366 exercitus
508 4305 805 4368 remurmuraret
831 4294 1044 4392 indignans,
1076 4317 1186 4393 urge·
