3000 4900
167 414 413 515 HELMOLDI
431 415 670 493 CHRONlCA
689 416 959 492 SLAVORUM.
985 417 1072 492 LlB.
1092 419 1116 492 l.
1169 423 1217 496 79

117 617 392 694 multitudinem
428 627 673 717 peremerunt
704 616 743 690 in
776 642 841 694 ore
876 617 1010 717 gladii,
1044 629 1218 718 preterea

119 719 326 820 principem
346 742 478 794 eorum
498 717 687 817 captivum
702 742 835 793 secum
850 722 1219 819 abduxerunt,vene·

117 831 278 921 runtque
305 823 351 894 ad
376 818 592 894 Heinricum
619 829 657 892 et
683 820 891 911 exercitum
918 820 981 920 qui
1002 821 1137 896 eratin
1157 826 1219 897 ob·

118 920 278 1018 simone,
305 946 391 994 cum
419 919 541 994 salute
569 917 766 993 victoriam
795 931 833 993 et
856 921 1004 995 divitias
1032 922 1218 998 maximas

118 1032 370 1121 reportantes.
406 1022 492 1095 Post
512 1043 655 1120 paucos
674 1030 801 1094 autem
821 1021 901 1095 dies
919 1022 1066 1096 Brizani
1087 1023 1219 1098 ceteri-

116 1147 192 1222 que
219 1122 381 1196 rebelles
407 1145 542 1221 pacem
568 1121 876 1220 postulaverunt,
903 1122 999 1198 datis
1027 1123 1217 1200 obsidibus

117 1247 214 1324 quos
241 1221 439 1298 Heinricus
466 1222 650 1296 voluisset
665 1220 690 1294 ¹.
725 1225 848 1321 Atque
872 1223 909 1296 in
936 1225 1037 1298 hunc
1064 1228 1217 1300 modum

116 1323 261 1398 sedatis
288 1324 511 1419 rebellibus,
538 1321 736 1396 Heinrious
772 1327 818 1398 ad
848 1348 917 1397 sua
944 1349 1123 1400 reversus
1150 1338 1218 1402 est.

114 1423 455 1521 Nordalbingorum
484 1448 633 1522 quoqne
666 1424 794 1524 populi
822 1427 868 1498 ad
901 1427 1014 1499 sedes
1042 1449 1132 1500 suas
1160 1451 1218 1500 re·

117 1523 337 1599 versisunt.

195 1628 254 1700 38.
289 1624 481 1720 Expeditio
510 1623 729 1698 Seianorum
755 1627 793 1698 in
817 1630 954 1698 terram
977 1627 1217 1701 Ruionorum.

114 1725 259 1799 Accidit
279 1737 364 1824 post
376 1725 449 1799 hec
465 1736 506 1799 ut
523 1751 621 1800 unus
639 1723 739 1800 filios
758 1725 935 1824 Heinrici,
953 1728 1216 1804 Woldemarus

115 1829 291 1923 nomine,
327 1826 562 1900 occideretur
592 1853 613 1901 a
639 1825 767 1901 Ranis.
820 1826 1074 1915 Quamobrem
1110 1840 1220 1928 pater

119 1927 247 2000 dolore
273 1927 416 2026 pariter
434 1937 471 2000 et
490 1927 544 2000 ira
570 1937 779 2027 permotus,
804 1951 958 2001 ornnem
978 1929 1144 2003 animum
1164 1930 1218 2004 in-

114 2028 236 2102 tendit
258 2031 304 2102 ad
328 2030 611 2127 rependendam
630 2028 822 2102 talionem.
864 2028 1039 2130 lllisitque
1059 2030 1217 2106 nuncios

116 2129 155 2201 in
185 2127 382 2202 universas
402 2129 623 2203 Sclavorum
653 2127 867 2229 provincias
895 2133 941 2204 ad
962 2134 1217 2206 contrahenda
1311 2211 1315 2216 ,

116 2229 273 2324 auxilia3
288 2240 619 2329 conveneruntque
629 2253 763 2305 omnes
775 2229 854 2329 pari
866 2231 1057 2323 voluntate
1068 2236 1218 2308 eadem-

12 2386 13 2397 ,
117 2355 191 2427 que
222 2329 432 2425 sententia,
464 2340 505 2402 ut
538 2341 731 2430 parerent,
749 2330 980 2406 iussionibus
1017 2335 1119 2432 regis
1157 2359 1218 2407 ex-

114 2437 404 2530 pugnarentque
423 2430 564 2530 Renes,
581 2428 619 2506 et
633 2434 785 2507 fuerunt
796 2431 1092 2509 innumerabiles
1109 2435 1218 2535 quasi
1284 2515 1287 2519 ,

12 2565 14 2574 ’
119 2557 233 2605 arena
260 2532 376 2607 maris
387 2531 412 2606 ².
452 2533 532 2606 Nec
558 2534 631 2607 hiis
657 2543 870 2630 contentuS,
896 2534 998 2608 misit
1026 2539 1071 2609 ad
1091 2560 1217 2609 accer-

10 2679 13 2704 .
118 2632 270 2707 siendos
289 2633 476 2731 Saxones,
495 2658 561 2707 eos
580 2634 725 2709 scilicet
744 2633 806 2732 qui
822 2637 868 2707 de
881 2636 1051 2709 Holzatia
1063 2647 1101 2710 et
1114 2636 1217 2711 Stur-

112 2734 236 2816 maria
255 2745 356 2831 sunt,
375 2758 623 2809 commonens
644 2758 711 2809 eos
726 2734 871 2834 private
887 2736 1060 2813 amicitie.
1092 2738 1140 2810 Et
1158 2762 1217 2811 se·

9 2889 10 2896 1
117 2834 191 2908 cuti
211 2845 299 2909 sunt
322 2859 409 2909 eum
429 2836 541 2934 pleno
561 2839 686 2934 corde,
706 2860 863 2909 numero
884 2838 992 2934 quasi
1018 2839 1119 2912 mille
1135 2864 1218 2913 sex-

117 2935 227 3008 centi.
269 2936 518 3034 Transitoque
547 2934 703 3009 flumine
731 2937 922 3033 Trabena²
950 2939 1123 3012 abierunt
1149 2965 1218 3038 per

114 3036 362 3135 longissimos
387 3036 484 3109 fines
504 3037 729 3118 Polaborum
755 3049 943 3111 eteorum
964 3040 1026 3135 qui
1045 3041 1217 3116 dicuntur

115 3136 297 3233 Ototritt,
323 3161 519 3236 quousque
547 3138 790 3237 pervenirent
816 3142 862 3211 ad
890 3140 1021 3213 Penim
1047 3138 1216 3217 fluvium.

115 3236 200 3325 Quo
219 3238 458 3334 transmisso,
475 3238 690 3313 direxerunt
704 3238 775 3311 iter
792 3242 838 3313 ad
850 3243 980 3313 urbem
993 3267 1066 3337 que
1084 3242 1217 3316 dieitur

114 3338 317 3437 Woligost,
341 3342 440 3438 apud
469 3338 713 3414 urbaniores³
737 3350 894 3413 vocatur
920 3340 1013 3415 lulia
1030 3344 1216 3442 Augusta,

113 3449 272 3538 propter
296 3439 397 3513 urbis
426 3440 659 3514 conditorem
682 3439 815 3513 lulium
835 3442 1028 3517 Cesarem.
1064 3443 1143 3517 lllic
1161 3444 1216 3518 in*

113 3549 304 3613 venerunt
323 3540 540 3613 Heinricurn
564 3551 828 3641 expectantem
852 3566 929 3617 eos.
958 3543 1003 3616 Et
1019 3556 1215 3643 pernocta-

113 3651 252 3736 verunt
272 3639 320 3714 ibi
339 3638 503 3739 figentes
526 3654 649 3717 castra
674 3666 749 3716 non
773 3642 887 3740 longe
909 3668 929 3716 a
953 3646 1059 3717 mari.
1103 3647 1213 3741 Mane

113 3751 245 3815 autem
270 3741 382 3840 facto,
409 3767 623 3817 convocans
642 3742 840 3817 Heinricus
869 3768 917 3843 po
948 3744 1050 3817 ulum
1069 3744 1105 3817 in
1127 3770 1214 3819 con-

115 3843 286 3934 cionem,
310 3844 494 3917 allocutus
521 3855 580 3919 est
607 3868 673 3918 eos
701 3844 849 3919 dicens:
931 3868 1030 3941 aqna
1049 3846 1211 3943 cubico

115 3996 140 4069 1)
159 3996 238 4053 llaec
262 3997 375 4053 sortasse
400 4017 461 4054 cum
486 3999 656 4071 expeditione
681 3998 759 4053 ducis
784 3998 905 4055 Lotbarii
930 4018 1001 4055 anno
1021 3999 1090 4054 1121
1119 4008 1212 4055 contra

113 4069 209 4127 Slaros
228 4082 350 4143 suscepta
370 4080 542 4127 connectunt.
580 4072 615 4131 V.
635 4071 735 4128 Annal.
756 4071 818 4129 Su.
837 4073 864 4127 b.
884 4090 908 4129 a.
982 4072 1009 4145 2)
1028 4074 1056 4128 2.
1076 4072 1150 4128 Sam.
1169 4073 1212 4140 17,

115 4144 159 4199 ll.
234 4143 262 4215 ³)
280 4146 446 4215 urbaniores,
465 4146 484 4201 i.
501 4164 526 4201 e.
547 4146 627 4201 docti.
656 4145 808 4217 Scriptores
826 4148 897 4201 vitae
912 4144 1020 4206 Ottonis
1039 4164 1082 4219 ep.
1099 4145 1213 4201 liaben-

112 4218 187 4288 berg.
227 4216 344 4273 luliuum
361 4217 497 4291 (wollin),
517 4237 572 4274 non
590 4236 655 4273 vero
672 4217 802 4288 Wolgast,
822 4237 892 4292 quae
912 4224 982 4292 apud
999 4237 1046 4275 cos
1062 4218 1211 4293 Hologosta

111 4291 196 4357 audit,
216 4292 351 4347 conditam
371 4310 431 4348 esse
450 4310 464 4347 a
484 4292 555 4346 lulio
574 4290 691 4348 Caesare
709 4291 873 4351 fabulantur.
