3000 4900
181 465 427 540 uuunonor
445 467 685 543 aaronica
704 467 971 544 servorun.
998 469 1085 544 mu.
1101 470 1127 544 1.
1180 471 1229 547 aa

128 666 209 743 dies
244 666 385 740 bellum
416 677 552 766 potens
578 666 754 743 Heinrico
784 669 907 744 cesari
932 681 1062 744 contra
1094 673 1229 746 ducem

126 767 328 842 Linderum
358 779 395 840 et
426 767 609 843 Saxones,
653 769 852 845 Heinricus
880 770 982 844 enim
1007 770 1143 868 iunior,
1169 771 1230 848 ubi

128 869 286 966 depulso
313 869 374 942 vel
407 869 531 968 potius
565 870 728 944 extincto
757 881 863 969 patre
895 871 1054 946 obtinuit
1082 896 1230 947 monar-

129 969 253 1042 chiam
279 969 439 1069 imperii,
465 971 555 1044 vidit
579 970 666 1069 quia
692 971 870 1046 universa
894 981 995 1046 terra
1014 972 1175 1070 quiescit
1191 972 1228 1048 in

129 1082 333 1184 conspectu
369 1070 450 1144 eius
461 1071 667 1169 fecitque
702 1076 748 1146 ab
783 1072 970 1146 universis
999 1072 1229 1171 principibus

128 1171 242 1245 iurari
276 1171 554 1270 expeditionem
582 1172 774 1263 Italicam,
794 1174 927 1246 volens
954 1173 1053 1247 iuxta
1082 1197 1229 1247 morem

127 1273 281 1370 assequi
313 1272 582 1370 plenitudinem
614 1273 823 1372 imperialis
855 1274 1007 1348 honoris
1040 1277 1086 1348 de
1114 1299 1229 1348 manu

128 1398 268 1446 summi
260 1371 489 1472 pontificis.
524 1374 850 1471 Transcensisque
871 1375 1045 1472 Alpibus,
1065 1374 1231 1472 perrexit

129 1475 288 1547 Romam
309 1498 394 1546 cum
413 1474 556 1570 ingenti
576 1485 807 1548 armatorum
833 1473 1078 1548 multitudine.
1116 1477 1229 1548 uom-

128 1599 199 1653 ¹nus
215 1598 304 1649 vero
326 1599 425 1673 papa
442 1575 635 1648 Paschalis
650 1574 775 1650 audito
794 1575 946 1648 introitu
963 1575 1044 1648 eius
1060 1598 1135 1647 non
1151 1599 1229 1648 mo·

128 1674 210 1748 dice
230 1675 369 1747 letatus
393 1685 452 1748 est
465 1675 643 1773 misitque
658 1679 703 1748 ad
720 1675 1034 1750 circumiacentes
1049 1676 1228 1773 regiones

127 1799 327 1849 accersere
338 1799 585 1849 numerosum
601 1777 757 1874 clerum,
773 1777 948 1873 quatinus
963 1799 1097 1874 regem
1113 1777 1230 1850 hono·

126 1875 293 1949 rabiliter
306 1876 524 1950 venientem
547 1876 630 1974 ipse
645 1877 863 1950 honoratior
878 1876 1071 1973 exciperet
1080 1876 1104 1950 ¹.
1138 1877 1229 1951 Sus·

128 1986 260 2073 ceptus
289 1988 349 2050 est
372 1976 486 2074 igitur
511 2001 596 2050 cum
622 2001 761 2075 magno
787 1977 877 2050 cleri
905 1978 1088 2074 Urbisque
1114 1976 1229 2075 tripu-

127 2076 220 2149 dio².
273 2077 339 2150 Ubi
367 2087 494 2150 autem
525 2087 681 2152 ventum
718 2089 778 2152 est
808 2081 853 2152 ad
888 2076 1228 2174 consecrationem⁷

128 2177 257 2274 exegit
282 2181 328 2252 ab
355 2202 399 2250 eo
428 2180 589 2250 domnus
617 2203 713 2277 papa
741 2179 968 2274 iuramenta,
996 2178 1170 2276 quatinus
1189 2177 1227 2250 in

125 2277 316 2352 katholico
334 2277 421 2350 fidei
440 2280 680 2353 observantia
699 2279 862 2377 integer,
885 2279 922 2352 in
943 2278 1149 2376 apostolice
1168 2301 1228 2352 se·

125 2379 183 2453 dis
210 2379 423 2452 reverentia
451 2390 636 2477 promtus,
661 2381 697 2453 in
727 2380 977 2455 ecclesiarum
1005 2379 1228 2453 defensione

128 2480 310 2563 sollicitus
332 2480 520 2555 existeret.
561 2481 636 2555 Sed
657 2506 724 2554 rex
744 2483 932 2579 superbus
952 2480 1076 2553 iurare
1096 2478 1228 2576 noluit,

127 2580 257 2654 dicens
276 2581 545 2679 imperatorem
571 2582 712 2655 nemini
731 2582 856 2655 iurare
875 2583 1028 2677 debere,
1053 2580 1111 2653 cui
1130 2580 1228 2653 iura·

127 2692 340 2757 mentorum
369 2693 607 2756 sacramenta
634 2687 680 2758 ab
705 2682 880 2759 omnibus
909 2681 983 2754 sint
1006 2681 1226 2755 exhibenda.

124 2782 237 2856 Facta
265 2793 324 2855 est
349 2782 461 2879 igitur
488 2783 677 2857 contentio
704 2784 802 2857 inter
825 2786 1004 2857 domnum
1013 2807 1166 2896 papam
1190 2792 1228 2855 et

125 2907 271 2981 regem
291 2894 329 2955 et
346 2882 597 2997 interceptum
617 2895 677 2958 est
693 2910 789 2983 opus
811 2882 1118 2958 consecrationis
1146 2882 1229 2956 Sta-

125 2984 192 3057 tim
222 2993 392 3057 armatus
416 2985 519 3081 regis
547 2986 735 3059 exercitus
764 2984 945 3058 efferatus
973 2994 1033 3057 est
1055 2983 1092 3055 iu
1117 2983 1228 3077 iram,

125 3084 421 3198 inieceruntque.
436 3109 572 3159 manus
597 3086 634 3158 in
655 3086 798 3159 clerum
827 3096 864 3158 et
882 3083 1140 3182 spoliaverunt
1159 3106 1228 3157 eos

125 3186 294 3259 vestibus
323 3184 457 3282 sacris,
481 3185 591 3283 quasi
614 3186 691 3284 lupi
722 3196 946 3283 grassantes
978 3184 1077 3257 inter
1103 3183 1228 3256 ovilia.

123 3286 204 3360 Hiis
233 3286 369 3359 auditis
396 3286 555 3359 Romani
581 3297 766 3385 proruunt
792 3289 838 3360 ad
866 3286 1148 3381 obsistendum,
1180 3309 1228 3359 eo

126 3389 225 3484 quod
244 3386 418 3460 viderent
429 3386 594 3459 iniuriari
614 3387 772 3484 clerum,
790 3397 989 3484 ortumque
1009 3396 1068 3458 est
1086 3385 1226 3459 bellum

125 3488 163 3559 in
182 3491 293 3562 domo
321 3488 419 3562 beati
442 3488 541 3561 Petri
559 3488 647 3583 tale,
675 3488 785 3585 quale
811 3511 885 3559 non
915 3497 975 3559 est
993 3486 1160 3560 auditum
1179 3490 1226 3560 ab

125 3588 234 3663 annis
254 3588 428 3686 antiquis.
465 3588 652 3662 Prevaluit
677 3597 804 3661 autem
825 3587 1012 3661 exercitus
1032 3587 1149 3685 regis,
1175 3598 1229 3660 at-

123 3690 383 3786 triveruntqoe
415 3690 606 3764 Romanos
637 3688 899 3763 interlectione
933 3688 1229 3784 magnanimisq

125 3814 197 3863 nec
218 3789 286 3863 fuit
298 3789 473 3863 discretio
489 3790 579 3861 cleri
595 3799 633 3863 et
646 3789 762 3887 vulgi
786 3788 912 3862 omnia
926 3791 1132 3862 devorante
1147 3786 1225 3883 gla-

62 3947 65 3951 ⁴
126 3925 189 3996 lli.
210 3943 234 3981 c.
260 3924 374 3979 marimo
400 3924 512 3985 bonore,
538 3924 709 3980 verecundia.
754 3922 908 3979 Ellebard.
934 3940 958 3979 a
979 3920 1064 3975 1111·
1092 3936 1170 3977 rer.

124 4015 266 4070 numquam
290 4002 347 4053 riso
371 3999 470 4053 bonore
492 4000 747 4067 percelebravit..
767 4002 927 4053 ‚immersa
955 3993 1154 4064 toaomficenlio
1177 4010 1228 4051 re-

125 4078 225 4142 ceptus.
316 4070 343 4142 2)
362 4088 400 4125 sc.
420 4089 445 4124 a.
468 4069 548 4125 1111.
568 4069 648 4125 Febr.
672 4071 714 4123 ¹2
739 4037 783 4123 lia
803 4069 940 4124 nonnullis
960 4069 1049 4123 verbis
1068 4069 1135 4122 baec
1155 4084 1227 4121 con-

123 4146 235 4199 venium
264 4162 325 4200 cum
354 4142 462 4197 Ottonis
490 4142 604 4214 Frisiug.
634 4142 734 4197 Cbron.
749 4140 813 4206 vlt,
840 4160 862 4197 c.
885 4141 934 4197 11.
962 4141 1062 4210 rtrfinilo
1090 4146 1229 4196 contracto

123 4223 277 4274 armata.
298 4219 493 4287 Apenninum
516 4218 711 4273 trcmcmdr't.
732 4218 801 4270 ,cd
821 4216 914 4271 Urbem
930 4216 1108 4285 progreditur.
1150 4213 1192 4268 Ibr'
1209 4230 1229 4268 o

124 4292 257 4345 1111111-
271 4307 342 4362 papo
370 4307 428 4344 cum
460 4292 531 4344 clero
560 4296 586 4346 et
610 4294 706 4361 popolo
732 4255 852 4343 llomono
879 4292 907 4343 in
934 4290 1000 4343 urle
1027 4288 1229 4343 Leonnatum

125 4369 242 4419 marimo
262 4365 374 4434 tripudio
392 4367 544 4433 rumpitur.
982 4435 993 4458 .
