3000 4900
164 511 169 518 ,
258 446 333 518 raa
384 425 630 514 aaronem
646 441 887 517 cenoman
907 440 1174 515 solvenda.
1200 438 1288 512 ms
1308 439 1333 512 1

332 642 435 716 Fecit
461 642 575 740 igitur
602 645 698 740 qood
731 647 851 716 status
876 640 939 714 ille
964 639 1145 738 temporis
1171 639 1361 738 permisit

252 741 420 817 visitarit
438 743 621 817 eeclesias
643 742 839 856 parrochie
855 765 937 836 sue,
952 741 1172 814 ministrans
1187 739 1362 854 plebibus

253 844 398 916 monita
419 844 567 940 salutis⁷
593 847 757 941 prebens
783 842 838 916 eis
856 867 922 940 pro
941 841 1021 916 ime
1042 840 1154 914 oflicii
1173 842 1232 914 sni
1251 840 1358 940 spiri·

255 945 383 1039 tuella,
401 970 486 1018 com
503 945 587 1043 ipse
607 956 734 1018 tamen
756 965 830 1016 non
846 951 1006 1018 meteret
1022 964 1152 1014 eorum
1167 951 1358 1055 tempora-

252 1044 323 1139 lia3
342 1045 529 1159 siqnidem
547 1069 677 1118 eomes
696 1043 957 1117 deeimarum
947 1067 1028 1116 rura
1047 1042 1211 1116 tollebat.
1247 1039 1358 1116 Dedi

255 1156 381 1218 catum
401 1156 461 1219 est
454 1145 591 1260 ‘igitur
610 1170 655 1219 eo
670 1155 843 1244 tempore
857 1143 1062 1216 oratorium
1079 1143 1267 1230 Cuzeline,
1282 1167 1358 1240 que

140 1298 144 1305 -
256 1241 332 1318 alio
361 1247 514 1319 nomine
541 1248 798 1343 Hagerestorp
830 1245 973 1318 dicitur
1016 1244 1091 1318 Sed
1125 1253 1163 1316 et
1193 1243 1355 1318 ecelesia

255 1346 505 1420 Bornbovede
530 1357 619 1419 tone
645 1346 816 1419 dedicata
843 1355 910 1418 est
949 1345 1132 1442 Venitque
1151 1347 1196 1417 ad
1217 1367 1357 1416 novam

251 1447 444 1520 civitatem
473 1471 546 1544 que
563 1446 717 1520 Lubeke
741 1445 888 1540 dicitur⁷
914 1447 1127 1518 confortare
1153 1454 1354 1517 manentes

252 1547 346 1644 illie7
367 1559 404 1621 et
429 1547 614 1621 dedicerit
637 1547 686 1620 ibi
713 1547 832 1619 altare
852 1546 1002 1618 domino
1020 1547 1112 1618 Deo.
1155 1547 1244 1618 lnde
1270 1569 1354 1642 pro-

254 1648 433 1746 grediens
463 1647 627 1720 visitavit
648 1648 886 1744 Aldenburg,
924 1646 984 1719 nbi
1018 1649 1130 1720 sedes
1165 1649 1359 1743 quondam

255 1748 485 1848 episcopalis
503 1749 638 1845 fuerat,
658 1759 696 1821 et
711 1758 891 1846 receptus
912 1757 971 1820 est
990 1772 1011 1818 a
1031 1747 1198 1820 barbaris
1214 1746 1356 1819 habita-

205 1880 207 1884 *
255 1849 398 1923 toribus
417 1860 517 1922 terre
535 1849 648 1946 illius⁷
672 1872 831 1947 quorum
851 1849 946 1922 dens
966 1858 1046 1922 erat
1065 1849 1195 1922 Prove.
1240 1849 1356 1920 Porro

256 1973 396 2022 nornen
423 1948 609 2045 llaminis,
645 1949 708 2047 qui
736 1959 887 2046 preerat
915 1948 1171 2046 superstitioni
1209 1972 1356 2043 eorum,

254 2061 339 2124 erat
356 2051 466 2125 Milia.
503 2051 576 2124 Sed
601 2062 639 2122 et
657 2049 833 2149 princeps
860 2060 959 2122 terre
980 2053 1183 2122 vocabatur
1201 2048 1358 2144 llochel⁷

254 2151 320 2249 qui
345 2152 469 2224 luerat
495 2153 541 2223 de
566 2152 714 2224 semine
732 2151 922 2244 Crotonis,
948 2150 1155 2244 ydololatra
1178 2159 1217 2222 et
1237 2149 1354 2247 pirata

257 2251 455 2324 maximus.
500 2251 608 2350 Cepit
634 2276 727 2349 ergo
755 2251 921 2349 pontifex
941 2251 1009 2325 Dei
1037 2273 1248 2348 proponere
1273 2253 1355 2323 bar-

256 2351 356 2426 baris
374 2352 476 2424 viam
491 2351 675 2449 veritatis,
689 2375 763 2451 que
778 2351 948 2427 Christus
963 2362 1035 2448 est⁷
1054 2352 1259 2425 adhortans
1275 2373 1359 2444 eos⁷

223 2513 226 2518 .
256 2465 298 2527 at
314 2454 452 2527 relictis
480 2454 599 2548 ydolis
627 2454 708 2527 suis
727 2453 953 2527 festinarent
969 2456 1014 2525 ad
1034 2454 1228 2525 lavacrum
1246 2476 1355 2549 rege·

174 2629 176 2631 ,
257 2554 471 2632 iterationis.
504 2555 624 2646 fPaooi
643 2564 772 2628 autem
791 2554 1012 2628 Sclavorum
1031 2553 1294 2651 applicuerunt
1313 2577 1355 2626 se

254 2653 357 2752 fidei,
382 2680 426 2727 eo
455 2657 553 2752 quod
579 2656 741 2751 languor
766 2654 994 2728 fortissimus
1015 2665 1119 2727 esset
1138 2665 1176 2727 et
1194 2657 1357 2727 necdum

257 2767 389 2829 essent
402 2755 578 2829 inclinata
597 2759 708 2828 corda
722 2756 934 2854 principum
952 2758 997 2827 ad
1015 2757 1224 2828 edomanda
1243 2757 1355 2827 eorda

256 2856 464 2929 rebellium.
500 2856 610 2929 Dedit
627 2867 754 2931 antem
775 2856 976 2955 episeopus
998 2856 1197 2951 pecuniam
1218 2856 1357 2929 cesori-

257 2961 326 3031 bus
343 2957 532 3054 lignorum
552 2960 598 3029 ad
617 2958 812 3055 impensas
833 2955 1106 3052 sanctuarinet
1130 2966 1281 3054 ceptum
1298 2966 1361 3028 est

257 3082 356 3153 opus
379 3058 517 3131 labrire
538 3082 655 3155 prope
673 3058 815 3129 vallem
834 3057 934 3131 urbis
955 3057 1119 3153 antique.
1140 3080 1211 3154 quo
1231 3056 1355 3129 omnis

257 3170 358 3231 terra
399 3158 458 3230 die
493 3159 680 3230 dominica
715 3168 871 3256 propter
907 3168 1115 3230 mereatum
1153 3156 1356 3231 convenire

258 3258 414 3334 solebat.

333 3360 392 3433 70.
419 3358 620 3432 Decomite
601 3357 785 3445 Madaro
844 3359 884 3430 ln
903 3358 1034 3433 diebus
1054 3358 1125 3431 illis
1148 3382 1358 3455 congrega·

258 3458 311 3531 vit
329 3461 402 3531 dux
422 3460 642 3554 exercitum,
656 3470 697 3533 ut
715 3460 834 3533 abiret
852 3459 889 3531 in
908 3458 1115 3533 bawariam
1136 3468 1173 3530 et
1191 3458 1359 3555 require·

257 3569 315 3631 ret
340 3563 536 3654 ducatum,
562 3585 675 3657 quem
699 3560 851 3633 vitricus
880 3584 971 3633 suus
1000 3560 1216 3656 Heinricus,
1242 3560 1362 3632 frater

258 3661 418 3735 Conradi
450 3661 568 3774 regis,
598 3671 861 3758 occupaverat.
907 3661 1018 3733 Venit
1042 3659 1156 3757 igitur
1182 3660 1363 3733 dominus

258 3773 389 3835 noster
402 3762 606 3859 episeopus
620 3764 665 3833 ad
680 3786 768 3835 eum
779 3762 1019 3875 Lunepburg
1034 3785 1189 3874 rogans⁷
1205 3772 1245 3833 ut
1258 3784 1361 3834 sem-

258 3886 328 3959 per
341 3862 500 3959 solebat,
510 3886 576 3961 pro
588 3863 828 3961 episcopatus
842 3861 898 3934 sui
913 3862 1160 3978 promotione
1191 3860 1358 3935 Cuidux:

256 3962 457 4058 Factam-7
447 3962 578 4060 inquit,
603 3962 983 4060 quadromonte
978 3960 1054 4035 nd
1071 3986 1138 4035 eor
1156 3968 1360 4055 respectum

256 4062 390 4136 babere
407 4063 605 4137 volueritis.
637 4068 690 4137 Ad
706 4088 820 4161 quem
837 4062 1059 4161 episcopus:
1088 4063 1251 4135 Paratus
1264 4085 1364 4158 som,

259 4164 323 4258 ait,
345 4172 462 4258 prop
455 4189 500 4237 er
524 4188 623 4259 eum,
650 4166 712 4262 qut
731 4188 770 4236 se
789 4163 996 4236 humiliavit
980 4171 1109 4256 tprop
1113 4171 1167 4236 ter
1193 4186 1279 4259 noe,
1302 4186 1362 4235 me

258 4266 377 4357 ipsum
394 4268 431 4338 in
444 4268 711 4359 proprietatem
725 4263 817 4336 dare
830 4264 941 4339 alicui
955 4263 1000 4336 de
1014 4264 1202 4338 clientibus
1216 4266 1364 4359 vestris,
