3000 4900
165 476 413 551 HELMOLDI
430 478 669 554 CHRONICA
689 480 956 555 SLAVORUM.
984 480 1070 555 LlB.
1090 482 1114 555 l.
1170 482 1241 559 165

140 676 226 749 huic
238 678 407 775 relipioni
418 703 520 775 noue,
539 686 581 751 ut
592 678 799 769 edificemus
813 680 995 776 ecclesius,
1015 685 1240 778 otpercipia-

141 802 224 851 mus
238 779 432 874 baptisma,
450 780 581 876 quibus
595 778 786 852 cotidiana
799 780 972 853 indicitur
984 784 1103 877 fuqal
1128 783 1170 856 Si
1185 790 1240 857 ta-

140 903 223 951 men
240 878 344 952 locus
362 887 542 976 essetque
560 879 741 976 diffuqere
759 904 962 975 possemus.
1008 884 1240 957 Transeunti-

142 980 210 1051 bus
237 982 330 1052 enim
353 982 566 1078 Traucnam,
593 1005 673 1053 ecce
697 981 827 1054 similis
852 981 1049 1055 calamitas
1073 983 1148 1056 illic
1175 990 1240 1079 est,

139 1080 362 1153 uenientibus
378 1080 429 1152 od
438 1080 557 1153 Penen
567 1083 729 1177 fluvium,
738 1081 994 1155 nichilominus
1005 1082 1118 1157 adest.
1144 1082 1241 1173 (laid

140 1181 254 1276 iqitur
271 1188 396 1277 restat,
411 1204 522 1277 quam
540 1188 582 1253 ut
599 1184 744 1254 omissis
761 1185 868 1255 terris
885 1186 1054 1269 feramur
1070 1186 1107 1255 in
1125 1208 1240 1280 mure,

141 1288 177 1353 et
196 1280 403 1354 habitemus
428 1306 511 1353 cum
528 1282 755 1378 qurqitibusl
796 1282 869 1356 Aut
883 1306 951 1379 que
970 1283 1081 1377 culpa
1099 1290 1240 1380 nostra,

139 1380 293 1475 sipulsi
314 1385 461 1476 patria,
489 1382 757 1454 turbaverimus
783 1406 904 1477 mare,
936 1389 971 1455 et
993 1387 1239 1479 acceperimus

145 1481 341 1554 uiaticum¹
370 1506 396 1553 a
419 1480 537 1579 Danis
561 1485 636 1554 siue
660 1482 899 1578 institoribus,
924 1485 986 1578 qui
1008 1508 1111 1557 mare
1135 1487 1240 1557 remi·

139 1582 253 1677 qaut?
297 1581 424 1655 Nonne
442 1584 652 1675 principum
678 1585 748 1674 erit
761 1582 826 1655 hec
843 1590 955 1679 noca,
982 1585 1045 1680 qui
1070 1608 1138 1657 nos
1152 1609 1240 1679 pro-

136 1682 299 1775 pellunt?
324 1684 379 1756 Ad
389 1682 629 1756 hocdornnus
641 1682 924 1780 episcopusnit:
944 1683 1053 1774 Quod
1055 1687 1240 1778 principes

138 1784 259 1854 nostri
274 1780 449 1855 hactenus
466 1783 574 1856 abusi
585 1790 674 1856 sunt
683 1790 786 1878 pente
798 1791 931 1879 vestra,
951 1807 1024 1857 non
1039 1791 1093 1857 est
1103 1788 1240 1858 miran-

142 1882 241 1978 dum,
268 1906 342 1955 non
365 1886 459 1955 enim
481 1883 636 1956 multum
659 1907 698 1955 se
720 1880 925 1980 delinquere
951 1880 1240 1958 arbitranturin
1295 1970 1297 1973 ,

140 1982 363 2077 ydololatris
388 1991 424 2056 et
440 1987 477 2057 in
493 1984 564 2057 hiis
589 1986 652 2080 qui
676 1991 764 2056 sunt
780 1986 856 2057 sine
873 1983 962 2056 neo.
1004 1985 1098 2074 Quin
1114 1988 1240 2079 potius

140 2086 315 2157 recurrite
331 2084 384 2156 ad
400 2088 513 2157 ritum
527 2084 820 2180 christianitatis,
838 2091 874 2157 ct
889 2084 1038 2157 subicite
1053 2110 1119 2159 vos
1131 2087 1240 2159 Crea-

139 2187 212 2257 tori
236 2191 373 2280 oestro,
406 2185 473 2257 sub
504 2208 576 2281 quo
609 2188 897 2281 curvanturque*
922 2193 1079 2280 portant
1103 2187 1238 2260 orbem.

140 2283 268 2357 Nonne
282 2284 448 2358 Saxones
462 2292 498 2358 et
510 2293 625 2358 cetere
638 2291 762 2381 pentes
779 2309 846 2381 que
856 2285 1094 2360 christianum
1109 2312 1240 2361 nomen

139 2383 283 2479 hubent,
309 2384 445 2481 dequnt
470 2410 552 2460 cum
579 2386 858 2484 tranquillitate,
884 2390 1043 2460 contenti
1070 2387 1240 2484 lepitimis

140 2487 239 2560 suist
294 2485 361 2559 Vos
390 2511 475 2560 uero
498 2488 589 2583 soli,
624 2490 721 2559 siout
749 2486 798 2558 ab
832 2489 994 2566 omnium
1021 2487 1239 2582 discrepatis

123 2587 288 2659 cultura
298 2586 325 2683 ²,
355 2589 408 2659 sic
435 2590 597 2660 omnium
620 2589 755 2681 patetis
781 2585 988 2681 direptioni.
1024 2591 1070 2661 Et
1094 2591 1145 2662 ait
1164 2591 1240 2662 Pri·
1359 2673 1361 2676 ,

141 2687 326 2760 bizlavus:
369 2687 411 2758 Si
427 2687 563 2761 domno
583 2687 669 2760 duci
686 2694 722 2760 et
738 2687 804 2760 tibi
815 2687 950 2783 placet,
975 2695 1018 2761 ut
1032 2690 1138 2762 nobis
1156 2713 1238 2763 cum

141 2790 270 2860 comite
283 2787 410 2860 eadem
423 2791 475 2860 sit
485 2789 625 2860 culture
638 2789 748 2882 rado,
765 2787 895 2861 dentur
907 2789 1012 2862 nobis
1025 2789 1238 2864 iuraSaco·

138 2911 226 2960 num
235 2891 273 2961 in
283 2887 422 2982 prediis
437 2896 474 2961 et
487 2888 673 2983 reditibus,
683 2895 720 2961 et
730 2888 880 2961 libenter
889 2891 1025 2962 emmas
1038 2890 1237 2989 christiani,

141 2987 393 3078 edificabimus
410 2989 594 3086 ecclesius,
614 2995 649 3061 et
666 2988 836 3061 dabimus
855 2986 1016 3062 decimas
1033 2997 1194 3063 nostras.

214 3091 376 3163 Postheo
390 3090 479 3163 abiit
489 3090 691 3188 episcopus
702 3088 1027 3163 nosterGerotdus
1043 3092 1088 3164 ad
1102 3091 1237 3164 ducem

137 3202 293 3288 propter
307 3189 533 3289 colloquium
544 3189 790 3290 provinciale,
800 3194 898 3288 quod
912 3191 1104 3264 laudatum
1116 3193 1240 3264 fuerat

136 3291 422 3388 Ertheneburg,
448 3303 486 3364 et
507 3291 653 3364 evocati
675 3302 863 3365 venerunt
883 3291 970 3364 illuc
994 3291 1115 3388 reguli
1135 3292 1239 3365 Scla-

136 3414 271 3463 vorum
287 3394 331 3464 nd
347 3403 497 3490 tempus
513 3391 649 3490 placiti.
677 3393 783 3466 Tunc
801 3393 1024 3465 adhortante
1044 3392 1239 3491 episcopo,

136 3493 211 3566 <lux
230 3491 359 3567 habuit
376 3496 540 3567 verbum.
552 3495 596 3566 ad
616 3492 773 3566 Sclavos
791 3495 837 3565 de
861 3492 1145 3567 christianitate.
1182 3494 1237 3567 Ad

137 3617 252 3690 quern
275 3591 440 3667 Niolotus
468 3594 623 3691 regulus
652 3593 907 3667 Obotritorum
933 3594 1001 3666 ait:
1044 3591 1104 3666 Sit
1126 3593 1238 3689 Deus,

136 3695 256 3790 quiin
274 3692 360 3767 celis
377 3701 442 3789 est,
470 3692 560 3767 deus
577 3700 675 3790 tuus,
694 3700 769 3768 esto
788 3699 826 3766 tu
845 3693 935 3767 deus
952 3701 1089 3790 noster,
1107 3700 1144 3767 et
1159 3696 1239 3782 suf·

136 3796 217 3882 ficis
240 3793 356 3867 nobis.
392 3794 529 3868 Eccole
545 3801 585 3867 tu
602 3794 718 3891 illum,
740 3817 857 3890 porro
884 3801 1003 3871 noste
1021 3794 1235 3868 accolimus.

135 3895 182 3968 Et
201 3894 381 3993 corripuit
398 3920 486 3969 eum
506 3899 579 3968 dux
596 3898 643 3970 de
661 3901 777 3969 verbo
795 3895 1042 3994 blasphemie.
1076 3893 1132 3970 De
1152 3918 1239 3994 pro-
1261 3923 1264 3930 ¹

135 3995 304 4068 motione
331 4021 421 4068 vero
449 3997 691 4097 episcopatus
714 4008 753 4069 et
779 3995 941 4071 ecclesie
964 3996 1056 4069 nihil
1073 3994 1237 4094 amplius

2 4176 3 4191 χ
135 4119 182 4169 eo
206 4107 381 4194 ternpore
408 4109 534 4171 actum
561 4103 638 4192 es't,
663 4119 709 4169 eo
737 4099 836 4195 quod
862 4099 935 4171 dux
962 4108 1094 4171 noster
1116 4121 1239 4194 nuper

134 4197 239 4271 ltalia
259 4197 424 4297 rediens,
450 4209 552 4273 totus
576 4196 725 4297 questui
746 4197 894 4272 deditus
918 4209 1031 4272 esset.
1077 4199 1237 4273 Camere

135 4313 162 4386 1)
180 4314 278 4382 rictus,
297 4318 408 4387 praeda.
481 4308 509 4387 2⁴)
528 4315 633 4388 religio,
653 4315 742 4371 cultus
762 4311 824 4370 Dei.
